1800 3158
64 105 68 112 .
113 62 222 153 440Ι
361 85 530 122 pamm
567 87 834 143 ems'romn
859 94 930 129 An
963 31 1506 141 Tntssuomerzivffs2³

536 333 814 397 CAPUT
851 336 1281 425 QUARTUMJ

724 499 728 502 ’
809 505 853 553 T
848 514 1001 558 extus.

108 703 155 741 1·
177 635 293 731 DF,
323 690 505 735 caetero
533 700 686 754 ergo,
720 688 898 742 fratres
917 729 930 755 ,
961 695 1211 760 ‘rogamus
1235 708 1328 747 vos
1352 703 1403 748 et
1440 693 1691 763 obsecra·-

108 791 227 826 mus
247 769 303 824 in
335 769 579 827 Domino
608 775 737 830 Jesu
754 816 769 840 ‚
794 786 853 830 ut
875 778 1329 845 quemadmodum
1357 783 1636 852 accepistis
1659 788 1710 842 a*

103 855 260 912 nobis
285 859 558 926 quomodo
578 873 821 930 oporteat
841 884 933 920 vos
953 865 1224 922 ambulare
1241 879 1291 922 et
1310 867 1519 938 placere
1541 871 1686 943 Dee,

104 944 181 1002 sic
207 958 258 1002 et
276 946 559 1005 ambuletis
576 992 591 1018 ‚
620 963 679 1005 ut
699 951 979 1010 abundetis
1002 952 1188 1026 magis.

121 1121 125 1124 ,
178 1100 227 1131 2.
254 1075 414 1132 Scitis
436 1075 581 1133 enim
605 1102 720 1150 quae
746 1094 1010 1151 praecepta
1024 1082 1256 1139 dederim
1281 1083 1429 1141 vohis
1463 1107 1552 1157 per
1570 1087 1690 1145 Do-

111 1163 322 1221 minum
346 1168 547 1223 Jesum.
965 1214 971 1220 .
1069 1189 1072 1192 ·

175 1257 225 1309 3.
251 1253 384 1311 Haec
410 1267 487 1311 est
508 1255 654 1311 enim
677 1255 920 1314 voluntas
940 1256 1078 1329 Dei,
1114 1260 1462 1319 sanctificatio
1485 1274 1683 1321 vestra:

106 1354 167 1399 ut
188 1342 494 1402 abstineatis
520 1367 612 1402 vos
634 1349 664 1402 a
685 1346 1035 1405 fornicatione
1058 1373 1069 1414 3
1254 1405 1261 1412 ,
1641 1367 1644 1371 ’

168 1435 218 1498 4.
243 1430 321 1486 Ut
337 1430 464 1487 sciat
487 1433 853 1504 unusquisque
870 1439 1102 1493 vestrum
1122 1458 1213 1494 vas
1234 1458 1392 1495 suum
1409 1426 1685 1510 possidere

101 1519 162 1576 in
183 1523 604 1580 sanctificatione
631 1536 682 1579 et
702 1523 907 1581 honore
925 1550 940 1590 ;

171 1615 221 1666 5.
252 1611 381 1669 Non
408 1612 465 1667 in
497 1611 741 1682 passione
773 1611 1055 1683 desiderii,
1097 1613 1233 1671 sicut
1269 1615 1319 1672 e't
1360 1604 1539 1691 gentes
1565 1639 1682 1689 quae

111 1697 359 1772 ignorant
382 1700 568 1755 Deum
590 1726 603 1754 :

166 1792 215 1843 6.
242 1786 312 1841 Et
346 1808 412 1842 ne
452 1787 571 1856 quis
607 1787 1067 1859 supergrediatur,
1092 1808 1266 1856 neque
1298 1775 1681 1846 circumveniat

94 1873 153 1929 in
176 1872 390 1946 negotio
420 1873 633 1930 fratrem
659 1896 814 1930 suum
831 1918 844 1943 ,
878 1883 1127 1945 quoniam
1152 1875 1340 1930 vindex
1369 1886 1448 1931 est
1475 1875 1679 1932 Domi-

96 1986 199 2027 nus
236 1965 300 2021 de
327 1963 406 2022 his
439 1964 685 2023 omnibus
704 2010 718 2037 ‚
746 1967 882 2024 sicut
905 1965 1245 2038 praediximus
1273 1965 1419 2023 vobis
1457 1977 1507 2022 et
1528 1966 1679 2024 testi-

101 2056 247 2114 ficati
271 2077 472 2114 sumus,
704 2048 707 2051 i
1318 2071 1320 2074 ’

166 2167 215 2217 7.
239 2147 359 2208 Non
394 2143 537 2199 enim
575 2146 786 2200 vocavit
826 2167 925 2200 nos
962 2147 1116 2211 Deus
1151 2146 1208 2203 in
1244 2144 1678 2219 immunditiam‚·
1752 2194 1757 2203 .

95 2236 191 2292 sed
226 2235 283 2290 in
311 2234 807 2295 sanctificationem.

165 2323 214 2383 8.
239 2318 426 2389 Itaque
443 2362 457 2389 ‚
485 2318 576 2388 qui
604 2318 716 2376 haec
746 2318 979 2389 spernit,
1007 2337 1117 2373 non
1137 2314 1413 2372 hominem
1435 2316 1674 2389 spernit‚·

96 2408 189 2466 sed
228 2410 413 2467 Deum
436 2454 450 2481 ,
480 2409 572 2480 qui
611 2410 770 2466 etiam
795 2409 941 2466 dedit
966 2408 1224 2479 Spiritum
1254 2430 1410 2467 suum
1429 2420 1673 2467 sanctum
1732 2443 1751 2456 ο

95 2498 153 2555 in
190 2500 363 2556 nobis·

160 2657 211 2708 9.
236 2633 323 2689 De
345 2629 599 2689 charitate
624 2645 801 2689 autem
825 2630 1168 2687 fraternitatis
1195 2650 1305 2687 non
1328 2647 1540 2684 necesse
1561 2627 1667 2684 ha-

91 2722 279 2777 bemus
302 2719 524 2777 scribere
551 2720 701 2778 vobis
726 2747 736 2776 z
760 2719 859 2791 ipsi
882 2717 1027 2776 enim
1054 2739 1147 2776 vos
1177 2724 1203 2774 ὸ
1225 2719 1346 2774 Deo
1373 2714 1660 2781 didicistis,

93 2820 151 2866 ut
179 2806 410 2879 diligatis
437 2807 687 2864 invicem.

163 2918 243 2951 10.
278 2893 493 2950 Etenim
540 2894 675 2949 illud
730 2891 900 2950 facitis
944 2890 1002 2947 in
1026 2911 1213 2947 omnes
1241 2889 1430 2945 fratres
1453 2886 1508 2942 in
1535 2888 1662 2943 uni-
