1800 3158
109 63 215 119 23ss
367 62 375 68 '
513 75 776 116 emsa-omn
813 78 882 114 im
916 75 1286 132 mimmii-ses

80 168 88 177 ·
161 151 447 203 Praedicatio
470 159 540 200 est
558 152 757 216 mystica
772 151 973 217 liturgia:
995 168 1084 216 per
1094 166 1195 202 eam
1211 152 1424 202 victimas
1437 147 1681 226 Myn-

104 237 350 295 parantur:
369 230 416 276 in
433 226 525 276 hoc
548 228 768 276 sacrificio
786 232 1082 278 concionator
1108 235 1176 277 est
1202 228 1327 293 quasi
1342 227 1699 288 sacerrima-2

96 305 298 364 ditores,
320 305 481 367 quasiv.
470 304 691 358 ictimae;
705 301 992 368 praedicatio,
1017 304 1367 370 quasivictimae
1384 306 1691 370 praeparatio'3

95 380 287 447 Spiritus
315 389 520 441 sanctus,
549 398 630 430 seu
660 380 877 440 charitas,
902 385 1029 447 quasi
1052 386 1170 447 ignis
1201 398 1291 449 quo
1317 385 1522 433 cmnburi
1543 381 1683 436 debet

96 465 319 512 victima.
341 460 464 512 Vide
486 460 630 511 Rom.
659 460 814 525 1506&
845 461 913 512 16

170 539 306 590 Idem
341 541 542 606 intellige
581 542 639 590 de
666 541 917 590 directione
940 543 1223 590 animarum:
1241 540 1356 591 fiat·
1343 556 1391 590 in
1413 542 1575 607 spiritu
1598 557 1698 590 sa·-

100 618 258 667 crificii
294 626 339 668 et
363 619 604 676 oblationis
649 637 660 666 ε
697 618 896 667 director
918 621 1088 668 animas
1113 618 1300 679 fideles,
1328 621 1415 668 sibi
1437 617 1682 683 subditas»,

90 696 353 746 'consideret
390 704 436 746 ut
470 698 706 755 victimaQ
747 693 901 745 Sancti
937 693 1128 760 Spiritfis
1149 699 1259 760 igne
1293 695 1642 746 sanctificandas
1664 727 1680 755 ‚

106 790 285 839 suoque
313 777 566 840 ministerio
594 773 944 823 comburenda&

177 846 381 898 Felicem
405 866 455 897 se
478 857 684 912 reputet,
716 851 752 897 si
777 865 860 912 pro
896 848 1067 897 illarum
1103 848 1249 899 salute
1278 849 1421 898 vitam
1447 846 1685 914 impendat

102 942 190 990 pro
235 927 396 990 quihus
422 933 468 974 et
494 923 700 975 Christus
727 934 934 974 mortuus
954 932 1038 975 est.

178 1005 297 1057 ¹Non
311 1025 360 1057 se
383 1025 553 1074 suaque
578 1016 742 1074 quaerat
781 1010 828 1058 in
862 1008 943 1057 illis
974 1006 1266 1071 temporalia;
1296 1006 1380 1056 sed
1405 1020 1547 1071 super*
1576 1003 1698 1054 itta-⁷

109 1104 217 1138 rum
241 1087 503 1137 devotionis
527 1089 796 1136 sacrificium
821 1096 865 1136 et
896 1086 1172 1135 oblationem
1197 1086 1328 1135 libari
1347 1085 1600 1135 desideret.

179 1162 253 1228 Y.
280 1182 356 1230 ¹9·
378 1158 524 1228 Spero
545 1172 702 1210 autem
725 1164 774 1210 in
795 1158 1007 1211 Domino
1032 1163 1146 1211 Jesu
1165 1198 1178 1222 ,
1211 1161 1576 1211 Timotheum...-

172 1239 502 1307 Philippenses
537 1237 910 1305 Epaphroditum
930 1243 1181 1302 miserant,
1205 1248 1254 1290 ut
1283 1257 1357 1289 res
1380 1237 1519 1309 ‚Pauli
1561 1252 1692 1303 cog-e

103 1327 368 1381 noscerent,
410 1316 699 1383 Paulumque
733 1316 1023 1368 sublevarent
1051 1337 1063 1366 ε
1104 1335 1230 1368 nunc
1265 1315 1434 1368 Paulus
1466 1318 1691 1382 promittit
1762 1340 1769 1376 χ

102 1400 408 1452 Timotheum
431 1418 490 1450 se
521 1405 609 1450 cito
634 1402 881 1449 missurum
902 1399 958 1448 ad
982 1397 1330 1466 Philippenses,
1363 1407 1412 1450 ut
1433 1416 1506 1450 res
1529 1412 1708 1449 comm*

110 1485 359 1546 cognoscat
381 1495 631 1543 eorumque
656 1477 807 1527 salutis
831 1481 1067 1541 negotium
1095 1485 1382 1543 promoveat.

181 1557 245 1606 Ut
266 1565 311 1604 ει
332 1575 506 1620 egem..
550 1559 701 1606 vicem
733 1556 978 1620 rependit:
1013 1555 1123 1605 hinc
1162 1556 1369 1622 superior
1396 1553 1511 1605 nihil
1545 1548 1700 1618 neglib

105 1640 180 1697 gat
209 1649 383 1682 eorum
410 1647 511 1695 quae
536 1635 755 1694 rnnjorem
786 1635 976 1696 possunt
1010 1631 1237 1680 charitatis
1273 1634 1493 1682 unionem
1527 1628 1691 1682 conci·

111 1710 242 1762 liare.
594 1770 599 1779 .

182 1778 244 1837 Ῠ.
270 1806 352 1837 20.
377 1785 624 1835 Neminem
642 1786 767 1835 enr‘m
791 1787 938 1836 habeo
961 1796 1059 1836 tam
1082 1789 1435 1838 unanimem.....

186 1865 495 1919 Timotheum
533 1866 679 1917 laudat
713 1885 772 1918 ex
805 1868 1001 1918 duobus·
1041 1866 1236 1933 Primo,
1273 1883 1332 1918 ex
1362 1868 1691 1919 unanimitate,

113 1948 319 2009 unione,
360 1945 633 2006 concordia,
672 1963 753 1996 seu
776 1946 1093 2041 conformitate
1115 1949 1254 1998 animi
1285 1962 1406 1997 cum
1421 1942 1696 2009 Patrimon}

114 2025 289 2086 servit,
312 2032 361 2074 ut
386 2024 503 2074 filius
526 2025 657 2090 patri.

185 2096 435 2163 Secundo,
457 2117 517 2150 ex
545 2100 646 2152 zelo
681 2103 863 2153 sincero
893 2111 939 2153 et
960 2118 1178 2168 germano
1201 2119 1304 2166 erga
1327 2097 1695 2166 Philippensium

50 2195 58 2206 ·
123 2176 334 2228 salutem.

189 2253 497 2307 Unanimem.
525 2253 610 2306 Gr.
637 2252 906 2323 ἰσέψυχον,
928 2259 1048 2323 paris
1074 2259 1228 2308 animi.

114 2342 134 2384 Ι
143 2332 398 2401 σοψυχίοι,
425 2337 588 2401 paritas
611 2338 766 2387 animi.

193 2415 337 2483 Syrus
358 2434 371 2466 ε
397 2418 472 2482 qui
495 2417 552 2465 sit
574 2416 632 2465 ad
657 2422 864 2466 mentem
889 2432 1057 2465 meam.

189 2492 471 2546 Timotheus
496 2497 593 2559 pari
612 2496 769 2545 animo
789 2532 803 2558 ,
840 2498 1026 2561 parique
1057 2493 1320 2542 sinceritate·
1348 2489 1467 2555 zeli,
1501 2486 1692 2554 Philip-

132 2576 347 2639 pensium
369 2589 518 2625 curam
550 2575 750 2638 gerebat.

194 2651 270 2715 y.
291 2672 373 2703 22.
397 2653 785 2717 Emperimentum
808 2649 910 2714 ejus
934 2650 1206 2712 cognoscite.

188 2726 283 2779 Atii
322 2727 512 2792 legunt,
555 2729 828 2792 cognoscitis
858 2729 1044 2777 :nostis
1090 2744 1172 2791 per
1211 2723 1569 2790 experientiam,
1605 2727 1695 2772 etc.

123 2802 231 2857 Fuit
259 2823 362 2856 cum
383 2803 526 2855 Paulo
552 2803 798 2872 Philippis.

193 2882 305 2936 Hoc
358 2884 519 2950 probat
558 2886 822 2935 unanimem·
857 2881 1107 2935 Timothei
1149 2878 1445 2935 concordiam
1475 2877 1696 2931 fidelem-
