1800 3158
1300 38 1308 41 ,
1418 18 1429 39 Ἰ
1478 19 1483 21 ’
1530 34 1533 37 r

103 56 273 142 284
493 88 761 135 uorsa-omn
783 99 868 139 .ιι;ι
902 100 971 136 ιιι-ι
977 98 1266 153 remeans&
1322 137 1325 139 .
1358 147 1361 153 Δ

181 167 359 217 Omma
385 185 575 233 possum
606 190 654 220 m
678 189 764 222 eo..
769 174 848 224 .in
867 188 976 236 me,
1005 174 1116 226 nihil
1147 193 1281 255 sum,
1282 177 1445 272 nihil
1445 195 1679 269 passum:

150 241 384 295 Christo
395 262 496 296 sum
520 255 565 297 et
586 244 774 313 possum
800 252 1493 302 omnia..
1667 298 1674 302 a

180 322 435 392 Utramque
459 330 698 379 veritatem
721 338 765 381 et
786 331 880 381 mei
911 349 986 395 pr
995 333 1078 396 prii
1111 332 1280 401 nihili,
1284 353 1511 407 meaeque
1535 338 1688 391 nulli-

109 405 361 470 potentiae,
386 413 431 455 et
459 407 552 455 mei
573 408 620 456 in
648 403 831 457 Christo
853 425 935 474 per
971 411 1156 474 gratiam
1193 418 1296 463 esse
1331 415 1506 480 divini,
1520 410 1685 491 meae-

118 502 207 564 que
231 487 279 535 in
304 484 379 536 illo
403 493 449 536 et
471 503 554 551 per
576 485 699 536 illum
723 489 1096 554 omnipotentir,
1115 494 1256 541 menti
1276 501 1320 542 et
1347 495 1473 544 cordi
1497 487 1603 548 meo
1619 496 1685 558 sic

118 565 331 630 imprime
348 601 364 628 ‚
392 556 555 626 Deu3‚
594 572 644 614 ut
666 581 898 632 nunquam
914 581 1207 633 praesumam,
1232 574 1467 676 nunquam
1488 566 1688 637 deiiciar.

193 640 265 706 ss.
292 643 367 705 14.
395 639 731 693 Verumtamen
755 646 1115 708 benefecistis..

195 715 304 781 Ne,
342 721 404 769 ob
454 719 733 784 supradicta,
771 718 980 768 videatur
1020 737 1183 770 munus
1230 721 1383 771 datum
1422 721 1687 787 despicere,

124 797 327 861 ideoque
347 813 407 845 ne
435 812 515 844 eos
536 794 746 846 molestia
773 794 961 857 afficiat,
990 798 1116 861 quasi
1138 812 1209 845 res
1233 795 1292 844 illi
1323 794 1481 845 fuisset
1518 813 1692 862 super-

66 930 75 946 ι
127 874 247 935 flua,
273 874 475 939 hincque
502 873 612 923 fiant
647 876 696 922 in
737 874 889 923 dando
922 873 1300 939 negligentioreS,
1325 874 1502 924 illorum
1526 873 1692 926 alacri-

128 965 270 1008 tatem
292 957 458 1005 excitat
478 963 522 1003 et
542 953 793 1004 inflammat
820 955 1010 1004 dicens:

204 1034 543 1087 Verumtamen
571 1030 919 1097 benefecistis..

200 1112 477 1182 Quanquam
502 1116 563 1163 ita
583 1116 669 1176 sit,
696 1113 799 1164 licet
821 1116 969 1163 sciam
995 1114 1194 1164 esurire.
1202 1114 1354 1162 .bcne
1378 1121 1530 1162 tamen
1552 1112 1639 1163 feci
1641 1130 1695 1163 3·
1775 1142 1778 1145 ·

131 1197 218 1254 fis,
246 1201 294 1242 et
315 1210 413 1242 rem
453 1190 568 1242 mihi
608 1200 808 1256 gratam,
845 1192 955 1242 dum
996 1209 1077 1257 per
1116 1200 1315 1244 vestram
1344 1191 1697 1242 beneficentiam

131 1267 402 1322 sublevastis
449 1270 651 1333 inopiam
699 1285 850 1319 meam
890 1273 1037 1319 :vere
1075 1271 1201 1319 enim
1236 1255 1458 1333 ege‘bam;
1501 1275 1548 1318 et
1580 1267 1697 1318 mihi

134 1349 287 1414 egenti
312 1346 606 1395 subvenistis.
1610 1364 1614 1365 ⁷

201 1421 300 1474 Hie
326 1421 646 1487 gratitudinem
671 1416 835 1472 miscet
866 1440 968 1474 cum
993 1421 1261 1487 evangelici
1277 1420 1568 1474 sufficientia:
1590 1425 1695 1475 licet

106 1539 108 1543 s
131 1502 371 1554 didicerim
413 1507 654 1550 contentus
687 1516 789 1551 esse
814 1503 861 1550 in
885 1503 1022 1552 rebus
1045 1504 1196 1560 arctis,
1224 1520 1323 1552 rem
1349 1509 1501 1552 tamen
1528 1510 1699 1568 gratam

133 1581 249 1631 mihi
274 1579 464 1636 secistis;
487 1594 574 1629 nec
614 1595 719 1628 mea
748 1581 796 1627 in
831 1575 1013 1630 Christo
1047 1577 1318 1631 sufficientia
1353 1597 1503 1632 meam
1534 1572 1696 1631 minuit

134 1677 242 1726 erga
260 1675 345 1709 vos
370 1655 707 1722 gratitudinem.

200 1733 270 1802 JV.
298 1735 374 1786 15
394 1729 539 1783 Scitis
563 1743 737 1794 autem,
761 1743 806 1782 et
828 1753 912 1786 vos
930 1733 1303 1802 Plze'lippenses...

203 1814 275 1867 Ut
296 1815 518 1877 majorem
541 1811 648 1862 exhi
654 1812 756 1860 beat
774 1812 1127 1876 gratitudinem,
1152 1810 1349 1863 ostendit
1374 1826 1424 1860 se
1443 1827 1700 1861 memorem

135 1904 181 1948 et
208 1900 383 1959 gratum
408 1891 606 1956 antiquae
628 1888 805 1939 illorum
829 1889 1174 1940 beneficentiaet
1195 1905 1296 1954 quae
1334 1884 1701 1954 Philippensium

91 2033 93 2035 ,
134 1970 442 2025 beneficentia
483 1974 538 2018 eo
574 1968 836 2030 laudabilior
858 1976 929 2018 est
953 1970 999 2016 in
1025 1985 1074 2018 se
1094 2005 1107 2030 ,
1133 1977 1178 2018 et
1199 1966 1343 2018 Paulo
1362 1968 1543 2030 gratior,
1577 1961 1702 2030 quod
1766 1966 1770 1975 ’

135 2051 363 2116 antiquior
396 2056 490 2108 est,
517 2048 732 2096 nimirum
752 2051 777 2096 a
802 2047 1021 2111 principio
1045 2042 1283 2111 Evangelii
1305 2062 1318 2102 ς
1347 2052 1394 2094 et
1415 2041 1701 2123 Philippen-

136 2131 261 2181 sibus
283 2124 535 2191 specialior,
559 2126 738 2175 nulla...
760 2126 856 2194 ni’sz
872 2143 955 2176 vos
975 2126 1113 2176 solz'...
1703 2132 1710 2139 ‘

207 2204 283 2257 Sic
301 2212 452 2253 autem
485 2202 581 2252 illos
603 2202 782 2266 laudat,
804 2191 852 2252 ut
870 2221 921 2253 se
940 2211 1130 2267 purget3
1154 2201 1255 2250 haec
1277 2202 1446 2266 quippe
1466 2198 1701 2264 singulari-

137 2296 206 2338 tas
230 2287 290 2333 ita
315 2278 641 2349 Philippenses
685 2281 859 2330 extollit
900 2297 1034 2345 super
1056 2279 1164 2329 alios
1194 2295 1385 2340 omneS,
1410 2286 1460 2328 ut
1485 2276 1546 2328 D.
1560 2275 1701 2329 ’Pau-

135 2367 232 2417 lum
256 2370 415 2430 purget
435 2362 492 2410 ab
525 2363 722 2411 avaritiae
758 2363 1014 2425 suspicione
1038 2378 1049 2418 ;
1076 2363 1243 2429 quippe
1264 2362 1368 2427 qui,
1394 2361 1434 2408 si
1456 2360 1514 2409 ab
1539 2360 1702 2411 omni-

139 2447 226 2497 bus
247 2444 339 2495 aliis
365 2438 581 2491 Ecclesiis
602 2441 872 2504 recepisset,
897 2441 1028 2489 brexi
1057 2440 1221 2505 opibus
1242 2436 1537 2489 abundasset.

210 2523 579 2577 Communicaoit
606 2540 653 2569 m
672 2521 851 2568 ratione
869 2520 974 2568 dati
995 2528 1040 2568 et
1060 2519 1294 2586 accepti...

207 2597 607 2656 Alluditadlibros
630 2607 930 2648 mercatorum
958 2601 1240 2661 rationarioS,
1266 2611 1459 2663 quorum
1485 2565 1585 2645 duae
1597 2601 1702 2645 sunt
1756 2660 1773 2668 „

142 2691 291 2752 partes
307 2716 321 2744 ,
351 2694 654 2742 expensorum
679 2676 848 2726 scilicet
870 2684 916 2726 et
941 2685 1247 2742 acceptorum.

212 2759 351 2809 Scitis
372 2772 488 2817 vos,
516 2752 868 2819 Philippenses,
900 2763 943 2804 et
968 2755 1064 2804 aliis
1087 2756 1237 2806 testari
1257 2754 1470 2818 possetis.
1781 2813 1787 2821 ι

220 2835 361 2902 Quod
379 2835 425 2883 in
445 2834 698 2898 principio,
739 2851 847 2896 seu,
890 2836 991 2883 esim
1022 2837 1218 2899 primum
1246 2833 1381 2883 vobis
1402 2830 1704 2899 Evangelium
1760 2815 1795 2881 Ἐ

146 2917 416 2988 praedicavi,
445 2919 548 2964 cum
573 2915 697 2964 exivi
721 2916 746 2961 ἐι
769 2910 1043 2964 Macedonici
1068 2923 1111 2965 ut
1137 2916 1254 2965 irem
1273 2916 1322 2965 in
1347 2910 1586 2966 Achaiam.
1762 2915 1800 3158 Ξ

101 236 123 254 b
