1806 3164
97 84 203 151 134
534 85 809 141 EPISTOLAE
862 103 934 140 An
970 102 1218 143 Enni-,sios

169 175 247 227 15.
269 169 466 226 Videte
489 169 695 241 itaque,
731 169 916 228 fratres
935 209 950 235 ,
982 174 1254 242 quomodo
1280 185 1454 233 caute
1464 175 1662 241 ambu-

101 253 250 313 letis:
239 277 381 314 ·non
407 256 558 328 quasi
575 254 887 327 insipientes
907 300 923 328 ,
1424 295 1425 299 =

172 654 250 706 16.
264 649 369 706 Sed
393 660 448 704 ut
472 649 735 719 sapientes
765 672 776 703 :
811 648 1130 706 redimentes
1153 661 1382 721 tempus,
1409 651 1666 722 quoniam

99 729 211 787 dies
234 730 363 786 mali
391 741 536 787 sunt.

171 928 253 978 ¹7·
275 897 574 974 Propterea
593 903 897 961 nolite'fieri
912 904 1278 976 imprudentes
1294 947 1310 976 ‚
1333 907 1428 964 sed
1458 906 1667 964 intelli-⁴

36 1066 48 1075 .
100 1005 281 1067 gentes
310 1016 427 1064 quae
453 993 519 1048 sit
536 993 788 1050 voluntas
820 994 949 1070 Dei.
1435 1012 1442 1016 ‘
1585 1017 1589 1019 ·

173 1102 251 1157 18.
275 1099 345 1154 Et
362 1099 527 1155 nolite
549 1098 799 1156 inebriari
825 1099 980 1172 vino,
1008 1101 1061 1157 in
1087 1122 1192 1172 quo
1217 1113 1293 1158 est
1314 1101 1556 1165 luxuria.
1571 1104 1667 1160 sed

98 1187 400 1259 implemini
419 1187 624 1261 Spiritu
656 1201 838 1246 sancto
856 1231 870 1256 ‚

172 1357 586 1432 19.Loquentes
627 1356 1057 1427 vobismetipsis
1041 1379 1095 1411 m
1131 1355 1375 1426 psalmis,
1416 1368 1468 1413 et
1506 1355 1668 1428 bym-

99 1445 207 1514 nis»,
242 1458 295 1502 et
323 1443 538 1516 canticis
568 1445 967 1515 spiritualibus,
1005 1458 1275 1506 cantantes
1309 1458 1360 1503 et
1387 1445 1668 1516 psallentes

98 1529 158 1588 in
182 1531 434 1589 cordibus
457 1532 644 1589 vestris
674 1532 917 1590 Domino
938 1576 950 1601 ‚

172 1712 252 1744 20.
280 1687 484 1743 Gratias
509 1699 719 1759 agentes
740 1708 950 1757 semper
971 1707 1069 1756 pro
1085 1688 1360 1756 omnibus,
1376 1687 1431 1742 in
1452 1680 1671 1754 noi‘nina

17 1823 21 1825 -
101 1775 327 1834 Domini
356 1775 526 1833 nostri
548 1775 678 1832 Jesu
703 1775 938 1844 Christi,
968 1776 1087 1830 Deo
1109 1788 1159 1830 et
1185 1776 1351 1832 Patri.

122 1992 125 1994 ,
171 1949 254 1983 21.
276 1924 515 1995 Subiecti
539 1925 799 2006 invicem,
824 1932 877 1979 in
900 1924 1091 1980 timore
1117 1922 1333 1980 Christi.

172 2268 254 2301 22.
273 2242 530 2300 Mulieres
556 2239 679 2298 viris
705 2240 813 2298 suis
832 2237 1048 2297 subditae
1070 2237 1174 2294 sint
1193 2280 1207 2306 ‚
1237 2237 1371 2292 sicut
1391 2236 1665 2295 Domino:

171 2441 253 2494 23.
280 2435 558 2510 Quoniam
581 2435 660 2490 vir
683 2445 841 2504 eaput
863 2445 941 2490 est
968 2431 1230 2499 mulieris,
1263 2430 1400 2488 sicut
1425 2430 1667 2490 Christus

102 2537 261 2596 caput
282 2537 359 2582 est
383 2525 632 2581 Ecclesiae
651 2567 665 2593 ‚
696 2524 811 2592 ipse
834 2522 1062 2578 salvator
1084 2521 1325 2591 corporis
1347 2525 1481 2590 ejus.

171 2707 252 2766 24·
295 2701 403 2757 Sed
441 2701 575 2757 sicut
600 2697 838 2755 Ecclesia
877 2697 1114 2766 subjecta
1137 2707 1215 2754 est
1243 2693 1485 2760 Christe,
1519 2693 1596 2751 ita
1616 2706 1670 2751 et
1712 2764 1716 2767 Δ

75 2806 88 2809 “
103 2786 348 2845 mulieres
367 2788 493 2845 viris
514 2785 622 2845 suis
646 2786 702 2841 in
726 2784 989 2843 omnibus.
