1800 3158
144 54 248 120 346
403 70 408 75 ’
571 69 837 109 EPISTOLAE
866 71 937 108 An
971 70 1098 108 coco
1106 69 1350 119 ssansns.

144 147 300 196 delens
335 143 460 210 quod
486 143 703 194 adversus
730 164 843 205 nos,
872 155 981 208 etc„
1012 147 1060 196 in
1097 143 1262 196 eadem
1290 99 1560 278 phrasim
1571 157 1722 236 chyros

143 225 311 286 jungit,
338 228 388 270 ut
406 237 569 271 omnes
585 221 1451 287 comprehendat..
1566 247 1574 252 ·

211 297 457 359 Secundo,
484 300 586 363 quia
611 299 682 348 vel
716 298 765 351 hi
787 303 1058 366 interpretes
1083 299 1237 364 legunt
1269 317 1387 351 cum
1363 272 1562 358 nostra
1597 299 1723 358 Vnt-

148 377 282 446 gaia,
331 379 695 443 chirographum
741 380 945 429 decreti·
921 414 941 436 ,
982 378 1057 430 vel
1101 396 1206 428 cum
1245 374 1411 431 Graeco
1447 378 1680 438 hodierno
1700 421 1719 447 ‚

144 458 355 508 decreti&
381 455 429 508 Si
459 460 690 522 primum,
721 454 956 534 quomodo
981 457 1071 507 hoc
1106 458 1193 523 legi
1217 458 1478 521 convenit?
1506 462 1716 533 quando,

145 545 192 588 et
225 539 303 587 ubi
329 537 402 587 lex
426 540 450 587 a
477 537 585 587 divo
610 535 785 602 Paulo,
812 538 886 588 vel
909 531 966 594 ab
988 537 1075 587 alio
1114 540 1162 588 in
1188 534 1435 604 Scripturis
1463 547 1626 590 vocata
1641 547 1723 613 est

149 616 412 667 decretum.
402 616 463 652 5³

215 690 264 743 Si
289 692 575 754 secundum,
605 695 664 743 ita
686 700 738 744 ut
764 694 905 743 velint
930 693 1173 759 significari
1200 692 1323 758 quod
1347 690 1554 746 Christus
1566 696 1722 764 ‘legem

143 766 398 821 Mosaicam
422 772 658 835 praeceptis
681 770 955 835 evangelicis
972 764 1262 832 aboleverit,

213 844 402 908 Primo,
429 849 529 897 sine
556 845 688 897 causa
710 849 925 898 deserunt
946 845 989 897 V
991 847 1219 912 ulgatam,
1247 850 1272 895 a
1294 845 1489 897 concilio
1505 826 1721 900 Triden-

145 928 242 976 tino
279 925 549 976 declaratam
575 935 624 976 ut
657 926 993 981 authenticam3
1021 928 1092 974 cui
1119 922 1329 989 Vulgatae
1350 920 1471 975 hac
1458 936 1504 975 ιιι
1527 943 1576 976 re
1602 944 1723 983 con-

146 1003 307 1055 formis
330 1014 396 1055 est
409 1004 647 1072 aethiopica
665 1008 816 1055 versio
841 1022 944 1071 quae
962 1007 1027 1054 sic
1037 1004 1176 1054 habet
1200 1001 1284 1053 :Et
1302 1004 1471 1054 delevit:
1490 1023 1573 1071 pro
1588 1007 1723 1056 nobis

144 1086 413 1150 scripturam
439 1083 582 1133 debiti
613 1087 753 1133 nostri
772 1086 818 1133 in
846 1083 1032 1133 decreto
1060 1082 1183 1149 quod
1203 1090 1297 1132 erat
1315 1089 1470 1150 contra
1491 1100 1592 1133 nos.

214 1159 403 1211 Deinde
420 1163 779 1225 propositionem
801 1160 971 1211 faciunt
996 1160 1191 1210 hiulcam
1206 1197 1218 1221 ,
1242 1162 1529 1211 intercisam:
1549 1161 1725 1213 Delens

146 1243 506 1306 chirographum
529 1244 722 1291 decretis
748 1243 898 1309 quod,
924 1251 1011 1290 etc.
1027 1256 1050 1298 ,·
1077 1241 1514 1306 quaeconstructio?

145 1317 155 1321 ⁶
216 1317 432 1384 Denique
451 1356 464 1379 ‚
491 1336 587 1369 non
612 1319 850 1369 cohaerent
873 1319 1110 1384 sequentia
1132 1335 1144 1365 :
1173 1317 1408 1381 quomodo
1430 1319 1554 1367 enim
1573 1316 1724 1382 legem

145 1394 355 1449 Christus
391 1398 536 1449 affixit
567 1402 719 1451 cruci?
760 1416 863 1466 quae
908 1399 1139 1448 connexio
1179 1397 1341 1447 versus
1375 1399 1639 1464 sequentis,
1676 1407 1726 1447 et

145 1479 416 1542 expolians,
445 1487 534 1534 elss.
550 1478 579 1527 ,Ρ

214 1552 309 1604 Sed
340 1572 525 1620 sensum
549 1554 774 1604 habemus
813 1553 1028 1620 plenum,
1067 1552 1318 1603 naturalem
1337 1589 1351 1615 ‚
1377 1550 1686 1602 cohaerentem
1703 1588 1717 1615 ‚

144 1632 420 1695 sublimem,
458 1639 503 1680 et
541 1631 730 1696 dignum
763 1629 1004 1695 magnifica
1026 1629 1090 1681 D.
1114 1628 1245 1680 Pauli
1267 1625 1560 1694 eloquentia·
1586 1644 1724 1694 quam

144 1712 295 1779 ipsum
324 1710 595 1775 eloquentiae
614 1707 786 1757 flumen
815 1704 876 1756 D.
899 1703 1262 1772 Chrysostomus
1280 1705 1360 1755 hit:
1381 1707 1586 1765 miratur,

216 1786 362 1854 siper
381 1788 616 1838 decretum
634 1785 938 1850 intelligamus
955 1787 1227 1834 sententiam
1246 1785 1431 1833 mortis‘
1420 1799 1468 1833 ιιι
1486 1777 1720 1838 Adamum

148 1876 194 1918 et
212 1870 314 1931 ejus
342 1875 550 1933 posteros
571 1865 802 1915 decretam
817 1864 878 1912 ob
895 1879 1027 1911 esum
1049 1862 1157 1927 ligni
1176 1860 1332 1911 vetiti:
1354 1862 1416 1910 In
1438 1875 1723 1925 quocumque

144 1945 219 1994 dic
241 1941 526 2002 comederis,
556 1950 663 2001 eta,
690 1949 836 1988 morte
864 1941 1090 1988 morieris.
1116 1934 1291 1988 Genes.
1317 1954 1376 1996 2,
1406 1930 1462 1992 fi.
1489 1951 1580 1999 173

131 2010 133 2012 V
215 2018 265 2071 Si
288 2039 370 2086 per
391 2016 743 2085 chirographum
765 2017 1068 2084 intelligamus
1097 2023 1302 2066 nostram
1328 2029 1466 2062 manu
1484 2012 1724 2076 subscrip-

146 2106 324 2155 tionem
342 2140 356 2165 ,
385 2101 473 2169 qua
495 2120 575 2167 per
597 2107 785 2168 peccata
808 2108 961 2150 nostra
980 2098 1192 2157 actualia,
1225 2097 1349 2162 quasi
1378 2111 1516 2144 manu
1541 2088 1724 2158 propria

147 2183 335 2234 decreto
366 2180 426 2230 illi
453 2183 502 2229 in
524 2197 686 2230 omnes
708 2186 970 2244 peccatores
1001 2176 1090 2225 lato
1122 2174 1520 2237 subsignavimus,
1546 2185 1724 2235 nosque

148 2264 275 2328 ipsos
295 2267 475 2310 aeternae
503 2259 666 2317 morti,
706 2257 980 2321 aeternisque
1002 2252 1231 2319 suppliciis
1255 2250 1485 2299 obnoxios
1506 2245 1725 2296 reddidi--⁴

225 2356 263 2388 s.

143 2357 280 2466 muSit
294 2417 446 2480 itaque
461 2409 821 2473 chirographum
838 2408 1010 2456 decreti
1020 2412 1177 2457 noster
1189 2411 1374 2454 aeternae
1385 2402 1544 2451 mortis
1557 2406 1724 2462 reatus,

141 2503 298 2548 nostra
332 2490 563 2557 suppliciis
588 2487 865 2538 obnoxietas
895 2494 940 2535 et
970 2485 1208 2544 debitum;
1237 2491 1282 2534 at
1302 2482 1511 2532 debitum
1534 2482 1592 2529 ita
1617 2494 1723 2528 oer-

138 2584 239 2627 tum
256 2591 315 2623 ac
346 2574 384 2622 si
413 2586 551 2622 manu
574 2564 779 2631 propria,
808 2582 888 2615 seu
912 2562 1215 2629 chirographo
1238 2564 1556 2625 consignatum
1569 2562 1723 2607 esset:

141 2655 312 2719 quippe
349 2651 426 2715 qui
470 2645 704 2715 peccando
745 2644 1114 2708 subsignavimus
1152 2641 1339 2691 decreto
1371 2640 1420 2687 in
1458 2641 1725 2703 peccatores

135 2732 249 2795 lato.

207 2802 273 2860 Et
292 2807 386 2857 hoc
415 2807 595 2872 posito,
619 2802 739 2855 clara
765 2810 810 2854 et.
836 2819 1046 2853 connexa
1074 2810 1179 2853 sunt
1196 2801 1366 2851 omnia.

214 2889 382 2940 Delens
408 2885 530 2953 quod
551 2885 768 2935 adver-sits
788 2901 875 2933 nos
894 2892 995 2932 erac
1022 2881 1406 2948 chirographum.
