<?xml version="1.0" encoding="UTF-8"?>
<!DOCTYPE html PUBLIC "-//W3C//DTD XHTML 1.0 Transitional//EN"
    "http://www.w3.org/TR/xhtml1/DTD/xhtml1-transitional.dtd">
<html xmlns="http://www.w3.org/1999/xhtml" xml:lang="en" lang="en">
 <head>
  <title>
</title>
<meta http-equiv="Content-Type" content="text/html;charset=utf-8" />
  <meta name='ocr-system' content='tesseract 3.04.00' />
  <meta name='ocr-capabilities' content='ocr_page ocr_carea ocr_par ocr_line ocrx_word'/>
</head>
<body>
  <div class='ocr_page' id='page_1' title='image "./epistolaumbpauli04picq_0287.png"; bbox 0 0 1800 3158; ppageno 0'>
   <div class='ocr_carea' id='block_1_1' title="bbox 419 115 1617 198">
    <p class='ocr_par' dir='ltr' id='par_1_1' title="bbox 419 115 1617 198">
     <span class='ocr_line' id='line_1_1' title="bbox 419 115 1617 198; baseline -0.007 -22"><span class='ocrx_word' id='word_1_1' title='bbox 419 137 648 182; x_wconf 60' lang='lat' dir='ltr'><strong>mmm&lt;</strong></span> <span class='ocrx_word' id='word_1_2' title='bbox 678 136 970 198; x_wconf 58' lang='lat' dir='ltr'><strong>mensu-10.</strong></span> <span class='ocrx_word' id='word_1_3' title='bbox 1012 119 1130 186; x_wconf 81' lang='lat' dir='ltr'><strong>Cap.</strong></span> <span class='ocrx_word' id='word_1_4' title='bbox 1153 120 1247 186; x_wconf 69' lang='lat' dir='ltr'><strong>IV.</strong></span> <span class='ocrx_word' id='word_1_5' title='bbox 1515 115 1617 184; x_wconf 81' lang='lat'><strong>273</strong></span> 
     </span>
    </p>
   </div>
   <div class='ocr_carea' id='block_1_2' title="bbox 0 207 1616 355">
    <p class='ocr_par' dir='ltr' id='par_1_2' title="bbox 0 207 1616 355">
     <span class='ocr_line' id='line_1_2' title="bbox 0 207 1616 277; baseline -0.006 -13"><span class='ocrx_word' id='word_1_6' title='bbox 0 215 9 264; x_wconf 70' lang='grc' dir='ltr'><strong>’ί</strong></span> <span class='ocrx_word' id='word_1_7' title='bbox 49 229 148 264; x_wconf 86' lang='lat' dir='ltr'><strong>non</strong></span> <span class='ocrx_word' id='word_1_8' title='bbox 179 221 248 264; x_wconf 80' lang='lat' dir='ltr'><strong>est</strong></span> <span class='ocrx_word' id='word_1_9' title='bbox 275 210 484 275; x_wconf 81' lang='lat' dir='ltr'><strong>Grotius,</strong></span> <span class='ocrx_word' id='word_1_10' title='bbox 513 213 588 277; x_wconf 89' lang='lat' dir='ltr'><strong>qui</strong></span> <span class='ocrx_word' id='word_1_11' title='bbox 624 211 720 262; x_wconf 83' lang='lat' dir='ltr'><strong>vult</strong></span> <span class='ocrx_word' id='word_1_12' title='bbox 755 211 871 261; x_wconf 84' lang='lat' dir='ltr'><strong>duos</strong></span> <span class='ocrx_word' id='word_1_13' title='bbox 906 210 1043 265; x_wconf 85' lang='lat' dir='ltr'><strong>fuisse</strong></span> <span class='ocrx_word' id='word_1_14' title='bbox 1080 212 1233 267; x_wconf 80' lang='lat' dir='ltr'><strong>viros.;</strong></span> <span class='ocrx_word' id='word_1_15' title='bbox 1268 209 1400 274; x_wconf 84' lang='lat' dir='ltr'><strong>quia,</strong></span> <span class='ocrx_word' id='word_1_16' title='bbox 1433 207 1616 272; x_wconf 53' lang='lat' dir='ltr'><strong>inquit,</strong></span> 
     </span>
     <span class='ocr_line' id='line_1_3' title="bbox 54 281 1075 355; baseline -0.004 -16"><span class='ocrx_word' id='word_1_17' title='bbox 54 286 302 355; x_wconf 65' lang='grc' dir='ltr'><strong><em>συντυχης·</em></strong></span> <span class='ocrx_word' id='word_1_18' title='bbox 323 297 367 341; x_wconf 83' lang='lat' dir='ltr'><strong>et</strong></span> <span class='ocrx_word' id='word_1_19' title='bbox 382 281 623 353; x_wconf 75' lang='grc' dir='ltr'><strong>εὗτυχὺς,</strong></span> <span class='ocrx_word' id='word_1_20' title='bbox 649 295 719 338; x_wconf 80' lang='lat' dir='ltr'><strong>est</strong></span> <span class='ocrx_word' id='word_1_21' title='bbox 738 288 868 338; x_wconf 82' lang='lat' dir='ltr'><strong>virile</strong></span> <span class='ocrx_word' id='word_1_22' title='bbox 886 304 1075 337; x_wconf 84' lang='lat' dir='ltr'><strong>nomen.</strong></span> 
     </span>
    </p>
   </div>
   <div class='ocr_carea' id='block_1_3' title="bbox 56 365 1615 521">
    <p class='ocr_par' dir='ltr' id='par_1_3' title="bbox 56 365 1615 521">
     <span class='ocr_line' id='line_1_4' title="bbox 123 365 1615 450; baseline -0.008 -21"><span class='ocrx_word' id='word_1_23' title='bbox 123 379 342 450; x_wconf 58' lang='lat' dir='ltr'><strong>Rincque</strong></span> <span class='ocrx_word' id='word_1_24' title='bbox 370 378 466 428; x_wconf 75' lang='lat' dir='ltr'><strong>vult</strong></span> <span class='ocrx_word' id='word_1_25' title='bbox 486 377 545 426; x_wconf 92' lang='lat' dir='ltr'><strong>de</strong></span> <span class='ocrx_word' id='word_1_26' title='bbox 568 376 753 427; x_wconf 83' lang='lat' dir='ltr'><strong>viduis&#39;</strong></span> <span class='ocrx_word' id='word_1_27' title='bbox 741 394 787 425; x_wconf 90' lang='lat' dir='ltr'><strong>1n</strong></span> <span class='ocrx_word' id='word_1_28' title='bbox 807 393 1005 442; x_wconf 80' lang='lat' dir='ltr'><strong>genere,</strong></span> <span class='ocrx_word' id='word_1_29' title='bbox 1031 392 1126 424; x_wconf 91' lang='lat' dir='ltr'><strong>non</strong></span> <span class='ocrx_word' id='word_1_30' title='bbox 1146 374 1204 424; x_wconf 88' lang='lat' dir='ltr'><strong>de</strong></span> <span class='ocrx_word' id='word_1_31' title='bbox 1221 367 1404 423; x_wconf 85' lang='lat' dir='ltr'><strong>Evodia</strong></span> <span class='ocrx_word' id='word_1_32' title='bbox 1422 378 1467 421; x_wconf 80' lang='lat' dir='ltr'><strong>et</strong></span> <span class='ocrx_word' id='word_1_33' title='bbox 1489 365 1615 436; x_wconf 85' lang='lat' dir='ltr'><strong>Syn·</strong></span> 
     </span>
     <span class='ocr_line' id='line_1_5' title="bbox 56 453 1445 521; baseline -0.006 -16"><span class='ocrx_word' id='word_1_34' title='bbox 56 455 178 506; x_wconf 81' lang='lat' dir='ltr'><strong>iiche</strong></span> <span class='ocrx_word' id='word_1_35' title='bbox 203 455 548 521; x_wconf 72' lang='lat' dir='ltr'><strong>intelligendum</strong></span> <span class='ocrx_word' id='word_1_36' title='bbox 574 454 696 520; x_wconf 88' lang='lat' dir='ltr'><strong>quod</strong></span> <span class='ocrx_word' id='word_1_37' title='bbox 734 457 964 520; x_wconf 80' lang='lat' dir='ltr'><strong>sequitur,</strong></span> <span class='ocrx_word' id='word_1_38' title='bbox 993 454 1163 517; x_wconf 68' lang='lat' dir='ltr'><em>adjuva</em></span> <span class='ocrx_word' id='word_1_39' title='bbox 1190 453 1324 511; x_wconf 79' lang='lat' dir='ltr'><strong>illus,</strong></span> <span class='ocrx_word' id='word_1_40' title='bbox 1356 458 1445 497; x_wconf 80' lang='lat' dir='ltr'><strong>etc</strong></span> 
     </span>
    </p>
   </div>
   <div class='ocr_carea' id='block_1_4' title="bbox 61 519 1620 1234">
    <p class='ocr_par' dir='ltr' id='par_1_4' title="bbox 67 519 1612 686">
     <span class='ocr_line' id='line_1_6' title="bbox 127 519 1612 607; baseline -0.005 -15.995"><span class='ocrx_word' id='word_1_41' title='bbox 127 543 338 607; x_wconf 78' lang='lat' dir='ltr'><strong>Idipsum</strong></span> <span class='ocrx_word' id='word_1_42' title='bbox 378 557 535 607; x_wconf 80' lang='lat' dir='ltr'><strong>sapere</strong></span> <span class='ocrx_word' id='word_1_43' title='bbox 571 543 619 590; x_wconf 79' lang='lat' dir='ltr'><strong>in</strong></span> <span class='ocrx_word' id='word_1_44' title='bbox 645 542 862 590; x_wconf 81' lang='lat' dir='ltr'><strong>Domino.</strong></span> <span class='ocrx_word' id='word_1_45' title='bbox 887 539 1029 605; x_wconf 85' lang='lat' dir='ltr'><strong>Rogo</strong></span> <span class='ocrx_word' id='word_1_46' title='bbox 1049 548 1097 590; x_wconf 83' lang='lat' dir='ltr'><strong>ut</strong></span> <span class='ocrx_word' id='word_1_47' title='bbox 1129 556 1219 590; x_wconf 87' lang='lat' dir='ltr'><strong>una</strong></span> <span class='ocrx_word' id='word_1_48' title='bbox 1246 540 1303 588; x_wconf 83' lang='lat' dir='ltr'><strong>sit</strong></span> <span class='ocrx_word' id='word_1_49' title='bbox 1324 539 1389 587; x_wconf 90' lang='lat' dir='ltr'><strong>eis</strong></span> <span class='ocrx_word' id='word_1_50' title='bbox 1411 551 1542 585; x_wconf 87' lang='lat' dir='ltr'><strong>mens</strong></span> <span class='ocrx_word' id='word_1_51' title='bbox 1567 519 1612 584; x_wconf 84' lang='lat' dir='ltr'><strong>et</strong></span> 
     </span>
     <span class='ocr_line' id='line_1_7' title="bbox 67 617 783 686; baseline -0.004 -16"><span class='ocrx_word' id='word_1_52' title='bbox 67 619 279 682; x_wconf 77' lang='lat' dir='ltr'><strong>voluntas</strong></span> <span class='ocrx_word' id='word_1_53' title='bbox 293 628 490 686; x_wconf 71' lang='lat' dir='ltr'><strong>propter</strong></span> <span class='ocrx_word' id='word_1_54' title='bbox 513 617 783 669; x_wconf 86' lang='lat' dir='ltr'><strong>Dominum.</strong></span> 
     </span>
    </p>

    <p class='ocr_par' dir='ltr' id='par_1_5' title="bbox 61 693 1620 1002">
     <span class='ocr_line' id='line_1_8' title="bbox 129 693 1618 768; baseline -0.007 -11"><span class='ocrx_word' id='word_1_55' title='bbox 129 697 197 761; x_wconf 54' lang='lat' dir='ltr'><strong>fi..</strong></span> <span class='ocrx_word' id='word_1_56' title='bbox 211 704 264 757; x_wconf 96' lang='grc'><strong>3.</strong></span> <span class='ocrx_word' id='word_1_57' title='bbox 285 703 451 754; x_wconf 77' lang='lat' dir='ltr'><strong>Etiam</strong></span> <span class='ocrx_word' id='word_1_58' title='bbox 472 723 578 768; x_wconf 80' lang='lat' dir='ltr'><strong>rago</strong></span> <span class='ocrx_word' id='word_1_59' title='bbox 602 714 646 754; x_wconf 84' lang='lat' dir='ltr'><strong>et</strong></span> <span class='ocrx_word' id='word_1_60' title='bbox 669 714 740 765; x_wconf 75' lang='lat' dir='ltr'><strong>te,</strong></span> <span class='ocrx_word' id='word_1_61' title='bbox 768 720 988 767; x_wconf 77' lang='lat' dir='ltr'><strong><em>germane</em></strong></span> <span class='ocrx_word' id='word_1_62' title='bbox 1010 721 1203 768; x_wconf 83' lang='lat' dir='ltr'><strong>compar</strong></span> <span class='ocrx_word' id='word_1_63' title='bbox 1203 738 1303 753; x_wconf 88' lang='grc'><strong>......</strong></span> <span class='ocrx_word' id='word_1_64' title='bbox 1326 699 1410 752; x_wconf 86' lang='lat' dir='ltr'><strong>Gr.</strong></span> <span class='ocrx_word' id='word_1_65' title='bbox 1424 693 1618 764; x_wconf 68' lang='grc' dir='ltr'><em>Σὺζυγε</em></span> 
     </span>
     <span class='ocr_line' id='line_1_9' title="bbox 61 775 1620 845; baseline -0.002 -18"><span class='ocrx_word' id='word_1_66' title='bbox 61 775 243 845; x_wconf 60' lang='lat' dir='ltr'><strong>when,</strong></span> <span class='ocrx_word' id='word_1_67' title='bbox 266 779 512 845; x_wconf 85' lang='lat' dir='ltr'><strong>conjugalis</strong></span> <span class='ocrx_word' id='word_1_68' title='bbox 526 783 723 840; x_wconf 83' lang='lat' dir='ltr'><strong>sincere,</strong></span> <span class='ocrx_word' id='word_1_69' title='bbox 751 782 873 829; x_wconf 86' lang='lat' dir='ltr'>socie</span> <span class='ocrx_word' id='word_1_70' title='bbox 893 796 1133 844; x_wconf 83' lang='lat' dir='ltr'><strong>germane,</strong></span> <span class='ocrx_word' id='word_1_71' title='bbox 1158 778 1206 827; x_wconf 90' lang='lat' dir='ltr'><strong>id</strong></span> <span class='ocrx_word' id='word_1_72' title='bbox 1227 784 1311 836; x_wconf 78' lang='lat' dir='ltr'><strong>est,</strong></span> <span class='ocrx_word' id='word_1_73' title='bbox 1342 775 1509 839; x_wconf 79' lang='lat' dir='ltr'><strong>collega</strong></span> <span class='ocrx_word' id='word_1_74' title='bbox 1531 791 1620 839; x_wconf 86' lang='lat' dir='ltr'><strong>ge·-</strong></span> 
     </span>
     <span class='ocr_line' id='line_1_10' title="bbox 64 856 1616 926; baseline -0.004 -16"><span class='ocrx_word' id='word_1_75' title='bbox 64 863 231 922; x_wconf 87' lang='lat' dir='ltr'><strong>nuine,</strong></span> <span class='ocrx_word' id='word_1_76' title='bbox 261 864 308 910; x_wconf 89' lang='lat' dir='ltr'><strong>in</strong></span> <span class='ocrx_word' id='word_1_77' title='bbox 333 864 438 926; x_wconf 81' lang='lat' dir='ltr'><strong>jugo</strong></span> <span class='ocrx_word' id='word_1_78' title='bbox 462 857 631 911; x_wconf 84' lang='lat' dir='ltr'><strong>scilicet</strong></span> <span class='ocrx_word' id='word_1_79' title='bbox 653 861 932 926; x_wconf 81' lang='lat' dir='ltr'><strong>evangelicae</strong></span> <span class='ocrx_word' id='word_1_80' title='bbox 959 861 1297 926; x_wconf 82' lang='lat' dir='ltr'><strong>praedicationis</strong></span> <span class='ocrx_word' id='word_1_81' title='bbox 1319 856 1510 907; x_wconf 86' lang='lat' dir='ltr'><strong>ferendo</strong></span> <span class='ocrx_word' id='word_1_82' title='bbox 1532 872 1616 921; x_wconf 85' lang='lat' dir='ltr'><strong>per</strong></span> 
     </span>
     <span class='ocr_line' id='line_1_11' title="bbox 66 935 564 1002; baseline 0.002 -15"><span class='ocrx_word' id='word_1_83' title='bbox 66 954 222 1002; x_wconf 80' lang='lat' dir='ltr'><strong>agrum</strong></span> <span class='ocrx_word' id='word_1_84' title='bbox 248 935 564 988; x_wconf 87' lang='lat' dir='ltr'><strong>Dominicum.</strong></span> 
     </span>
    </p>

    <p class='ocr_par' dir='ltr' id='par_1_6' title="bbox 71 1011 1618 1142">
     <span class='ocr_line' id='line_1_12' title="bbox 136 1011 1618 1082; baseline -0.002 -19"><span class='ocrx_word' id='word_1_85' title='bbox 136 1014 315 1081; x_wconf 69' lang='lat' dir='ltr'><strong>Zvyof,</strong></span> <span class='ocrx_word' id='word_1_86' title='bbox 335 1016 528 1080; x_wconf 80' lang='lat' dir='ltr'><strong>jugum,</strong></span> <span class='ocrx_word' id='word_1_87' title='bbox 557 1011 786 1080; x_wconf 57' lang='grc' dir='ltr'><strong>σύζυγος,</strong></span> <span class='ocrx_word' id='word_1_88' title='bbox 804 1016 967 1082; x_wconf 71' lang='lat' dir='ltr'><strong>⁶011qu&gt;</strong></span> <span class='ocrx_word' id='word_1_89' title='bbox 949 1017 1084 1079; x_wconf 73' lang='grc' dir='ltr'><em>σάῖιε,</em></span> <span class='ocrx_word' id='word_1_90' title='bbox 1122 1015 1284 1064; x_wconf 85' lang='lat' dir='ltr'><strong>idem</strong></span> <span class='ocrx_word' id='word_1_91' title='bbox 1273 1029 1430 1078; x_wconf 64' lang='lat' dir='ltr'><strong>jugum</strong></span> <span class='ocrx_word' id='word_1_92' title='bbox 1450 1012 1618 1061; x_wconf 89' lang='lat' dir='ltr'><strong>nobis-</strong></span> 
     </span>
     <span class='ocr_line' id='line_1_13' title="bbox 71 1087 400 1143; baseline 0 -1"><span class='ocrx_word' id='word_1_93' title='bbox 71 1110 174 1142; x_wconf 90' lang='lat' dir='ltr'><strong>cum</strong></span> <span class='ocrx_word' id='word_1_94' title='bbox 200 1087 400 1143; x_wconf 74' lang='lat' dir='ltr'><strong>trahens.</strong></span> 
     </span>
    </p>

    <p class='ocr_par' dir='ltr' id='par_1_7' title="bbox 132 1164 1197 1234">
     <span class='ocr_line' id='line_1_14' title="bbox 132 1164 1197 1234; baseline 0.001 -17"><span class='ocrx_word' id='word_1_95' title='bbox 132 1164 320 1234; x_wconf 65' lang='grc' dir='ltr'><strong>γνήσιος</strong></span> <span class='ocrx_word' id='word_1_96' title='bbox 353 1205 368 1233; x_wconf 86' lang='grc'>,</span> <span class='ocrx_word' id='word_1_97' title='bbox 394 1188 672 1233; x_wconf 77' lang='lat' dir='ltr'><strong>germanus,</strong></span> <span class='ocrx_word' id='word_1_98' title='bbox 703 1173 933 1232; x_wconf 75' lang='lat' dir='ltr'><strong>sinceru5‚</strong></span> <span class='ocrx_word' id='word_1_99' title='bbox 956 1172 1197 1234; x_wconf 76' lang='lat' dir='ltr'><strong>genuinus,</strong></span> 
     </span>
    </p>
   </div>
   <div class='ocr_carea' id='block_1_5' title="bbox 70 1247 1617 1382">
    <p class='ocr_par' dir='ltr' id='par_1_8' title="bbox 70 1247 1617 1382">
     <span class='ocr_line' id='line_1_15' title="bbox 135 1247 1617 1320; baseline -0.003 -16"><span class='ocrx_word' id='word_1_100' title='bbox 135 1252 223 1304; x_wconf 77' lang='lat' dir='ltr'><strong>Est</strong></span> <span class='ocrx_word' id='word_1_101' title='bbox 242 1258 391 1320; x_wconf 75' lang='lat' dir='ltr'><strong>itaque</strong></span> <span class='ocrx_word' id='word_1_102' title='bbox 410 1255 679 1320; x_wconf 80' lang='lat' dir='ltr'><strong>metaphora</strong></span> <span class='ocrx_word' id='word_1_103' title='bbox 697 1256 833 1307; x_wconf 51' lang='lat' dir='ltr'><strong>ducta¹</strong></span> <span class='ocrx_word' id='word_1_104' title='bbox 851 1260 877 1305; x_wconf 66' lang='lat' dir='ltr'><strong>a</strong></span> <span class='ocrx_word' id='word_1_105' title='bbox 897 1256 1047 1305; x_wconf 88' lang='lat' dir='ltr'><strong>bobus</strong></span> <span class='ocrx_word' id='word_1_106' title='bbox 1061 1291 1076 1318; x_wconf 89' lang='lat'>‚</span> <span class='ocrx_word' id='word_1_107' title='bbox 1101 1255 1176 1320; x_wconf 88' lang='lat' dir='ltr'><strong>qui</strong></span> <span class='ocrx_word' id='word_1_108' title='bbox 1196 1255 1242 1305; x_wconf 91' lang='lat' dir='ltr'><strong>in</strong></span> <span class='ocrx_word' id='word_1_109' title='bbox 1263 1258 1408 1301; x_wconf 78' lang='lat' dir='ltr'><strong>aratro</strong></span> <span class='ocrx_word' id='word_1_110' title='bbox 1427 1247 1617 1301; x_wconf 88' lang='lat' dir='ltr'><strong>ferendo</strong></span> 
     </span>
     <span class='ocr_line' id='line_1_16' title="bbox 70 1334 403 1382; baseline -0.003 0"><span class='ocrx_word' id='word_1_111' title='bbox 70 1334 403 1382; x_wconf 83' lang='lat' dir='ltr'><strong>combinantur.</strong></span> 
     </span>
    </p>
   </div>
   <div class='ocr_carea' id='block_1_6' title="bbox 71 1414 1624 1562">
    <p class='ocr_par' dir='ltr' id='par_1_9' title="bbox 71 1414 1624 1562">
     <span class='ocr_line' id='line_1_17' title="bbox 137 1414 1624 1485; baseline -0.005 -15"><span class='ocrx_word' id='word_1_112' title='bbox 137 1416 412 1484; x_wconf 87' lang='lat' dir='ltr'><strong>Comparem</strong></span> <span class='ocrx_word' id='word_1_113' title='bbox 429 1457 440 1479; x_wconf 90' lang='lat'>‚</span> <span class='ocrx_word' id='word_1_114' title='bbox 466 1438 543 1470; x_wconf 90' lang='lat' dir='ltr'><strong>seu</strong></span> <span class='ocrx_word' id='word_1_115' title='bbox 565 1419 848 1485; x_wconf 80' lang='lat' dir='ltr'><strong>conjugalem</strong></span> <span class='ocrx_word' id='word_1_116' title='bbox 873 1428 1006 1470; x_wconf 76' lang='lat' dir='ltr'><strong>vocat</strong></span> <span class='ocrx_word' id='word_1_117' title='bbox 1025 1418 1264 1468; x_wconf 87' lang='lat' dir='ltr'><strong>hominem</strong></span> <span class='ocrx_word' id='word_1_118' title='bbox 1286 1414 1532 1482; x_wconf 88' lang='lat' dir='ltr'><strong>quemdam</strong></span> <span class='ocrx_word' id='word_1_119' title='bbox 1548 1416 1624 1481; x_wconf 89' lang='lat' dir='ltr'><strong>qui</strong></span> 
     </span>
     <span class='ocr_line' id='line_1_18' title="bbox 71 1496 942 1562; baseline 0.002 -16"><span class='ocrx_word' id='word_1_120' title='bbox 71 1513 175 1546; x_wconf 89' lang='lat' dir='ltr'><strong>cum</strong></span> <span class='ocrx_word' id='word_1_121' title='bbox 203 1514 260 1548; x_wconf 94' lang='lat' dir='ltr'><strong>eo</strong></span> <span class='ocrx_word' id='word_1_122' title='bbox 289 1497 507 1548; x_wconf 83' lang='lat' dir='ltr'><strong>laboravit</strong></span> <span class='ocrx_word' id='word_1_123' title='bbox 531 1499 577 1546; x_wconf 89' lang='lat' dir='ltr'><strong>in</strong></span> <span class='ocrx_word' id='word_1_124' title='bbox 604 1515 709 1562; x_wconf 84' lang='lat' dir='ltr'><strong>agro</strong></span> <span class='ocrx_word' id='word_1_125' title='bbox 735 1496 942 1548; x_wconf 84' lang='lat' dir='ltr'><strong>Domini.</strong></span> 
     </span>
    </p>
   </div>
   <div class='ocr_carea' id='block_1_7' title="bbox 1 1585 1624 1734">
    <p class='ocr_par' dir='ltr' id='par_1_10' title="bbox 1 1585 1624 1734">
     <span class='ocr_line' id='line_1_19' title="bbox 139 1585 1624 1654; baseline -0.003 -16"><span class='ocrx_word' id='word_1_126' title='bbox 139 1585 342 1638; x_wconf 85' lang='lat' dir='ltr'><strong>Ecclesia</strong></span> <span class='ocrx_word' id='word_1_127' title='bbox 365 1591 531 1654; x_wconf 82' lang='lat' dir='ltr'><strong>quippe</strong></span> <span class='ocrx_word' id='word_1_128' title='bbox 556 1597 624 1639; x_wconf 83' lang='lat' dir='ltr'><strong>est</strong></span> <span class='ocrx_word' id='word_1_129' title='bbox 644 1605 747 1653; x_wconf 85' lang='lat' dir='ltr'><strong>ager</strong></span> <span class='ocrx_word' id='word_1_130' title='bbox 770 1586 957 1639; x_wconf 87' lang='lat' dir='ltr'><strong>Domini</strong></span> <span class='ocrx_word' id='word_1_131' title='bbox 986 1607 997 1648; x_wconf 90' lang='lat'>;</span> <span class='ocrx_word' id='word_1_132' title='bbox 1026 1589 1113 1636; x_wconf 83' lang='lat' dir='ltr'><strong>Dei</strong></span> <span class='ocrx_word' id='word_1_133' title='bbox 1136 1587 1425 1652; x_wconf 75' lang='lat' dir='ltr'><strong>agricultura</strong></span> <span class='ocrx_word' id='word_1_134' title='bbox 1450 1602 1533 1637; x_wconf 69' lang='lat' dir='ltr'><strong>vos</strong></span> <span class='ocrx_word' id='word_1_135' title='bbox 1550 1602 1624 1634; x_wconf 85' lang='lat' dir='ltr'><strong>es·</strong></span> 
     </span>
     <span class='ocr_line' id='line_1_20' title="bbox 1 1658 1165 1734; baseline 0.003 -22"><span class='ocrx_word' id='word_1_136' title='bbox 1 1727 3 1730; x_wconf 86' lang='lat'><strong>.</strong></span> <span class='ocrx_word' id='word_1_137' title='bbox 73 1666 151 1727; x_wconf 79' lang='lat' dir='ltr'><strong>tis,</strong></span> <span class='ocrx_word' id='word_1_138' title='bbox 169 1667 228 1715; x_wconf 81' lang='lat' dir='ltr'><strong>ait</strong></span> <span class='ocrx_word' id='word_1_139' title='bbox 251 1665 309 1715; x_wconf 85' lang='lat' dir='ltr'><strong>ad</strong></span> <span class='ocrx_word' id='word_1_140' title='bbox 328 1659 600 1716; x_wconf 82' lang='lat' dir='ltr'><strong>Corinthios</strong></span> <span class='ocrx_word' id='word_1_141' title='bbox 628 1686 670 1715; x_wconf 91' lang='lat'><strong>1.</strong></span> <span class='ocrx_word' id='word_1_142' title='bbox 695 1668 828 1731; x_wconf 79' lang='lat' dir='ltr'><strong>epist.</strong></span> <span class='ocrx_word' id='word_1_143' title='bbox 851 1683 947 1732; x_wconf 85' lang='lat' dir='ltr'><strong>cap.</strong></span> <span class='ocrx_word' id='word_1_144' title='bbox 968 1665 1014 1717; x_wconf 79' lang='grc'><strong>3.</strong></span> <span class='ocrx_word' id='word_1_145' title='bbox 1040 1658 1096 1718; x_wconf 62' lang='lat' dir='ltr'><strong>fi.</strong></span> <span class='ocrx_word' id='word_1_146' title='bbox 1118 1686 1165 1734; x_wconf 86' lang='lat'><strong>9.</strong></span> 
     </span>
    </p>
   </div>
   <div class='ocr_carea' id='block_1_8' title="bbox 69 1744 1628 2037">
    <p class='ocr_par' dir='ltr' id='par_1_11' title="bbox 69 1744 1628 2037">
     <span class='ocr_line' id='line_1_21' title="bbox 139 1744 1628 1817; baseline -0.001 -17"><span class='ocrx_word' id='word_1_147' title='bbox 139 1744 271 1800; x_wconf 86' lang='lat' dir='ltr'><strong>Hinc</strong></span> <span class='ocrx_word' id='word_1_148' title='bbox 291 1754 512 1817; x_wconf 82' lang='lat' dir='ltr'><strong>insignem</strong></span> <span class='ocrx_word' id='word_1_149' title='bbox 541 1753 734 1817; x_wconf 87' lang='lat' dir='ltr'><strong>aliquem</strong></span> <span class='ocrx_word' id='word_1_150' title='bbox 757 1753 992 1804; x_wconf 78' lang='lat' dir='ltr'><strong>doctorem</strong></span> <span class='ocrx_word' id='word_1_151' title='bbox 1016 1790 1030 1815; x_wconf 84' lang='lat'>‚</span> <span class='ocrx_word' id='word_1_152' title='bbox 1053 1746 1185 1803; x_wconf 86' lang='lat' dir='ltr'><strong>suum</strong></span> <span class='ocrx_word' id='word_1_153' title='bbox 1217 1754 1264 1801; x_wconf 89' lang='lat' dir='ltr'><strong>in</strong></span> <span class='ocrx_word' id='word_1_154' title='bbox 1296 1749 1488 1801; x_wconf 88' lang='lat' dir='ltr'><strong>ferendo</strong></span> <span class='ocrx_word' id='word_1_155' title='bbox 1507 1786 1520 1812; x_wconf 83' lang='lat'>,</span> <span class='ocrx_word' id='word_1_156' title='bbox 1547 1766 1628 1816; x_wconf 88' lang='lat' dir='ltr'><strong>per</strong></span> 
     </span>
     <span class='ocr_line' id='line_1_22' title="bbox 69 1828 1623 1897; baseline 0.001 -20"><span class='ocrx_word' id='word_1_157' title='bbox 69 1847 223 1894; x_wconf 79' lang='lat' dir='ltr'><strong>agrum</strong></span> <span class='ocrx_word' id='word_1_158' title='bbox 245 1829 552 1894; x_wconf 85' lang='lat' dir='ltr'><strong>dominicum,</strong></span> <span class='ocrx_word' id='word_1_159' title='bbox 578 1832 852 1897; x_wconf 73' lang='lat' dir='ltr'><strong>evangelicae</strong></span> <span class='ocrx_word' id='word_1_160' title='bbox 869 1828 1214 1897; x_wconf 74' lang='lat' dir='ltr'><strong>praedicalionis&#39;</strong></span> <span class='ocrx_word' id='word_1_161' title='bbox 1228 1832 1358 1894; x_wconf 86' lang='lat' dir='ltr'><strong>jugo,</strong></span> <span class='ocrx_word' id='word_1_162' title='bbox 1381 1829 1623 1893; x_wconf 81' lang='lat' dir='ltr'><strong>collegam,</strong></span> 
     </span>
     <span class='ocr_line' id='line_1_23' title="bbox 71 1905 1626 1974; baseline -0.002 -17"><span class='ocrx_word' id='word_1_163' title='bbox 71 1905 239 1958; x_wconf 83' lang='lat' dir='ltr'><strong>Paulus</strong></span> <span class='ocrx_word' id='word_1_164' title='bbox 260 1917 394 1958; x_wconf 82' lang='lat' dir='ltr'><strong>vocat</strong></span> <span class='ocrx_word' id='word_1_165' title='bbox 414 1910 722 1974; x_wconf 85' lang='lat' dir='ltr'><strong>conjugalem,</strong></span> <span class='ocrx_word' id='word_1_166' title='bbox 747 1909 964 1973; x_wconf 81' lang='lat' dir='ltr'><strong>collegam</strong></span> <span class='ocrx_word' id='word_1_167' title='bbox 982 1945 996 1971; x_wconf 91' lang='lat'>‚</span> <span class='ocrx_word' id='word_1_168' title='bbox 1017 1907 1216 1958; x_wconf 86' lang='lat' dir='ltr'><strong>sodalem</strong></span> <span class='ocrx_word' id='word_1_169' title='bbox 1235 1943 1248 1969; x_wconf 88' lang='lat'>‚</span> <span class='ocrx_word' id='word_1_170' title='bbox 1270 1923 1429 1957; x_wconf 86' lang='lat' dir='ltr'><strong>verum</strong></span> <span class='ocrx_word' id='word_1_171' title='bbox 1449 1921 1626 1971; x_wconf 81' lang='lat' dir='ltr'><strong>germa-</strong></span> 
     </span>
     <span class='ocr_line' id='line_1_24' title="bbox 75 1978 519 2037; baseline -0.002 -2"><span class='ocrx_word' id='word_1_172' title='bbox 75 2003 184 2036; x_wconf 87' lang='lat' dir='ltr'><strong>num</strong></span> <span class='ocrx_word' id='word_1_173' title='bbox 207 1978 253 2037; x_wconf 79' lang='lat' dir='ltr'><strong>et</strong></span> <span class='ocrx_word' id='word_1_174' title='bbox 276 1988 519 2036; x_wconf 86' lang='lat' dir='ltr'><strong>sincerum.</strong></span> 
     </span>
    </p>
   </div>
   <div class='ocr_carea' id='block_1_9' title="bbox 609 2157 1087 2194">
    <p class='ocr_par' dir='ltr' id='par_1_12' title="bbox 609 2157 1087 2194">
     <span class='ocr_line' id='line_1_25' title="bbox 609 2157 1087 2194; baseline 0 -2"><span class='ocrx_word' id='word_1_175' title='bbox 609 2157 743 2194; x_wconf 76' lang='lat' dir='ltr'>NOTA</span> <span class='ocrx_word' id='word_1_176' title='bbox 773 2158 1087 2194; x_wconf 69' lang='lat' dir='ltr'><strong>LITTERALIS.</strong></span> 
     </span>
    </p>
   </div>
   <div class='ocr_carea' id='block_1_10' title="bbox 0 2274 1661 2986">
    <p class='ocr_par' dir='ltr' id='par_1_13' title="bbox 0 2274 1661 2986">
     <span class='ocr_line' id='line_1_26' title="bbox 142 2274 1623 2376; baseline -0.002 -21"><span class='ocrx_word' id='word_1_177' title='bbox 142 2274 409 2358; x_wconf 72' lang='lat' dir='ltr'><strong>Notandum</strong></span> <span class='ocrx_word' id='word_1_178' title='bbox 438 2317 588 2358; x_wconf 74' lang='lat' dir='ltr'><strong>aulem</strong></span> <span class='ocrx_word' id='word_1_179' title='bbox 613 2309 825 2376; x_wconf 77' lang='lat' dir='ltr'><strong>estquod</strong></span> <span class='ocrx_word' id='word_1_180' title='bbox 853 2324 1016 2359; x_wconf 88' lang='lat' dir='ltr'><strong>omnes</strong></span> <span class='ocrx_word' id='word_1_181' title='bbox 1036 2309 1274 2361; x_wconf 81' lang='lat' dir='ltr'><strong>versiones</strong></span> <span class='ocrx_word' id='word_1_182' title='bbox 1295 2307 1343 2355; x_wconf 91' lang='lat' dir='ltr'><strong>in</strong></span> <span class='ocrx_word' id='word_1_183' title='bbox 1374 2302 1623 2355; x_wconf 84' lang='lat' dir='ltr'><strong>masculino</strong></span> 
     </span>
     <span class='ocr_line' id='line_1_27' title="bbox 77 2378 1649 2448; baseline 0.002 -16"><span class='ocrx_word' id='word_1_184' title='bbox 77 2399 246 2447; x_wconf 84' lang='lat' dir='ltr'><strong>genere</strong></span> <span class='ocrx_word' id='word_1_185' title='bbox 266 2382 520 2448; x_wconf 81' lang='lat' dir='ltr'><strong>loquantur.</strong></span> <span class='ocrx_word' id='word_1_186' title='bbox 1646 2378 1649 2381; x_wconf 27' lang='lat'><strong><em>¹</em></strong></span> 
     </span>
     <span class='ocr_line' id='line_1_28' title="bbox 143 2459 664 2526; baseline -0.002 -14"><span class='ocrx_word' id='word_1_187' title='bbox 143 2459 247 2526; x_wconf 85' lang='lat' dir='ltr'><strong>Syr.</strong></span> <span class='ocrx_word' id='word_1_188' title='bbox 266 2463 330 2511; x_wconf 89' lang='lat' dir='ltr'><strong>mi</strong></span> <span class='ocrx_word' id='word_1_189' title='bbox 355 2466 463 2511; x_wconf 79' lang='lat' dir='ltr'><strong>vere</strong></span> <span class='ocrx_word' id='word_1_190' title='bbox 483 2461 664 2511; x_wconf 88' lang='lat' dir='ltr'><strong>sodalis.</strong></span> 
     </span>
     <span class='ocr_line' id='line_1_29' title="bbox 144 2535 929 2602; baseline 0.003 -14"><span class='ocrx_word' id='word_1_191' title='bbox 144 2535 356 2602; x_wconf 72' lang='lat' dir='ltr'><strong>AEthiop.</strong></span> <span class='ocrx_word' id='word_1_192' title='bbox 381 2537 516 2588; x_wconf 68' lang='lat' dir='ltr'><strong>frater</strong></span> <span class='ocrx_word' id='word_1_193' title='bbox 542 2540 602 2586; x_wconf 89' lang='lat' dir='ltr'><strong>mi</strong></span> <span class='ocrx_word' id='word_1_194' title='bbox 622 2545 668 2587; x_wconf 85' lang='lat' dir='ltr'><strong>et</strong></span> <span class='ocrx_word' id='word_1_195' title='bbox 696 2541 821 2589; x_wconf 86' lang='lat' dir='ltr'><strong>socie</strong></span> <span class='ocrx_word' id='word_1_196' title='bbox 848 2543 929 2591; x_wconf 90' lang='lat' dir='ltr'><strong>mi.</strong></span> 
     </span>
     <span class='ocr_line' id='line_1_30' title="bbox 144 2612 763 2680; baseline -0.002 -15"><span class='ocrx_word' id='word_1_197' title='bbox 144 2612 288 2666; x_wconf 87' lang='lat' dir='ltr'><strong>Arab.</strong></span> <span class='ocrx_word' id='word_1_198' title='bbox 315 2615 342 2665; x_wconf 78' lang='grc' dir='ltr'><em>ὃ</em></span> <span class='ocrx_word' id='word_1_199' title='bbox 367 2615 558 2665; x_wconf 83' lang='lat' dir='ltr'><strong>candide</strong></span> <span class='ocrx_word' id='word_1_200' title='bbox 581 2631 763 2680; x_wconf 81' lang='lat' dir='ltr'><strong>syzyga.</strong></span> 
     </span>
     <span class='ocr_line' id='line_1_31' title="bbox 153 2688 1015 2757; baseline 0.003 -18"><span class='ocrx_word' id='word_1_201' title='bbox 153 2688 274 2746; x_wconf 79' lang='lat' dir='ltr'><strong>Item</strong></span> <span class='ocrx_word' id='word_1_202' title='bbox 295 2704 455 2742; x_wconf 85' lang='lat' dir='ltr'><strong>omnes</strong></span> <span class='ocrx_word' id='word_1_203' title='bbox 473 2689 636 2741; x_wconf 81' lang='lat' dir='ltr'><strong>Patres</strong></span> <span class='ocrx_word' id='word_1_204' title='bbox 657 2694 792 2757; x_wconf 84' lang='lat' dir='ltr'><strong>graeci</strong></span> <span class='ocrx_word' id='word_1_205' title='bbox 810 2699 854 2741; x_wconf 80' lang='lat' dir='ltr'><strong>et</strong></span> <span class='ocrx_word' id='word_1_206' title='bbox 875 2691 1015 2742; x_wconf 70' lang='lat' dir='ltr'><strong>latini.</strong></span> 
     </span>
     <span class='ocr_line' id='line_1_32' title="bbox 0 2754 910 2827; baseline 0.003 -13"><span class='ocrx_word' id='word_1_207' title='bbox 0 2754 1 2782; x_wconf 58' lang='lat'>¹</span> <span class='ocrx_word' id='word_1_208' title='bbox 145 2763 272 2827; x_wconf 74' lang='lat' dir='ltr'><strong>QuIn</strong></span> <span class='ocrx_word' id='word_1_209' title='bbox 299 2770 434 2816; x_wconf 80' lang='lat' dir='ltr'><strong>eliam</strong></span> <span class='ocrx_word' id='word_1_210' title='bbox 463 2766 677 2819; x_wconf 86' lang='lat' dir='ltr'><strong>Calvinus</strong></span> <span class='ocrx_word' id='word_1_211' title='bbox 702 2777 747 2819; x_wconf 78' lang='lat' dir='ltr'><strong>et</strong></span> <span class='ocrx_word' id='word_1_212' title='bbox 769 2765 910 2819; x_wconf 88' lang='lat' dir='ltr'><strong>Beza.</strong></span> 
     </span>
     <span class='ocr_line' id='line_1_33' title="bbox 0 2820 1661 2910; baseline 0.002 -20"><span class='ocrx_word' id='word_1_213' title='bbox 0 2820 3 2898; x_wconf 70' lang='lat' dir='ltr'><strong>l</strong></span> <span class='ocrx_word' id='word_1_214' title='bbox 146 2840 278 2892; x_wconf 84' lang='lat' dir='ltr'><strong>Hinc</strong></span> <span class='ocrx_word' id='word_1_215' title='bbox 307 2860 485 2907; x_wconf 86' lang='lat' dir='ltr'><strong>prorsus</strong></span> <span class='ocrx_word' id='word_1_216' title='bbox 519 2845 815 2907; x_wconf 85' lang='lat' dir='ltr'><strong>rejiciendum</strong></span> <span class='ocrx_word' id='word_1_217' title='bbox 840 2845 962 2910; x_wconf 85' lang='lat' dir='ltr'><strong>quod</strong></span> <span class='ocrx_word' id='word_1_218' title='bbox 996 2853 1042 2894; x_wconf 76' lang='lat' dir='ltr'><strong>ut</strong></span> <span class='ocrx_word' id='word_1_219' title='bbox 1070 2847 1259 2894; x_wconf 86' lang='lat' dir='ltr'><strong>omnino</strong></span> <span class='ocrx_word' id='word_1_220' title='bbox 1291 2844 1450 2895; x_wconf 78' lang='lat' dir='ltr'><strong>falsum</strong></span> <span class='ocrx_word' id='word_1_221' title='bbox 1482 2847 1630 2907; x_wconf 81' lang='lat' dir='ltr'><strong>rejicit</strong></span> <span class='ocrx_word' id='word_1_222' title='bbox 1657 2843 1661 2846; x_wconf 69' lang='grc'><strong>’</strong></span> 
     </span>
     <span class='ocr_line' id='line_1_34' title="bbox 0 2910 1623 2986; baseline -0.001 -17"><span class='ocrx_word' id='word_1_223' title='bbox 0 2910 1 2918; x_wconf 34' lang='lat'>¹</span> <span class='ocrx_word' id='word_1_224' title='bbox 75 2917 141 2969; x_wconf 75' lang='grc' dir='ltr'><strong>Ι).</strong></span> <span class='ocrx_word' id='word_1_225' title='bbox 165 2915 519 2985; x_wconf 57' lang='lat' dir='ltr'><strong>chysostomus</strong></span> <span class='ocrx_word' id='word_1_226' title='bbox 537 2957 550 2982; x_wconf 87' lang='lat'>,</span> <span class='ocrx_word' id='word_1_227' title='bbox 577 2929 621 2971; x_wconf 80' lang='lat' dir='ltr'><strong>et</strong></span> <span class='ocrx_word' id='word_1_228' title='bbox 646 2920 767 2986; x_wconf 88' lang='lat' dir='ltr'><strong>quod</strong></span> <span class='ocrx_word' id='word_1_229' title='bbox 791 2921 973 2971; x_wconf 80' lang='lat' dir='ltr'><strong>stultum</strong></span> <span class='ocrx_word' id='word_1_230' title='bbox 994 2929 1126 2971; x_wconf 77' lang='lat' dir='ltr'><strong>vocat</strong></span> <span class='ocrx_word' id='word_1_231' title='bbox 1147 2918 1473 2971; x_wconf 73' lang='lat' dir='ltr'><strong>Theodoretus</strong></span> <span class='ocrx_word' id='word_1_232' title='bbox 1491 2956 1503 2981; x_wconf 83' lang='lat'>,</span> <span class='ocrx_word' id='word_1_233' title='bbox 1523 2923 1623 2969; x_wconf 89' lang='lat' dir='ltr'><strong>sci-</strong></span> 
     </span>
    </p>
   </div>
  </div>
 </body>
</html>
