1800 3158
485 112 706 150 ‘rainu
742 111 1024 149 EXPosruo,
1065 95 1186 162 Cap.
1221 92 1324 146 IV.
1599 92 1704 155 453

149 181 336 236 Nota
355 186 484 252 quod
516 184 800 274 Apostolus·
786 179 835 236 in
869 182 1015 251 prima
1035 185 1240 250 loquatur
1267 177 1489 249 persona,
1513 197 1599 232 nos
1625 184 1707 247 qui

144 262 366 313 viverus

140 359 142 361 ·
170 335 325 389 Non
346 337 471 403 quod
493 341 792 404 suspicaretur
823 340 935 388 vitae
957 354 1050 387 suae
1074 345 1282 402 tempore
1320 342 1707 390 mortuorumre-

143 416 476 466 surrectionem
502 414 722 474 futuram3
748 415 797 464 id
818 417 940 464 enim
961 416 1103 477 rejicit
1129 417 1179 462 in
1211 409 1413 461 secunda
1433 408 1622 474 epistola
1647 412 1706 461 ad

146 486 617 553 Thessalonicense5‚
650 506 748 554 cap.
774 509 822 540 2.
848 491 926 540 ubi
959 489 1213 555 docetquae
1233 486 1434 553 debeant
1455 485 1705 539 adventum

146 562 340 615 Domini
366 566 653 630 praecedere3

212 642 311 697 Sed
342 648 401 694 ita
423 645 635 711 loquitur,
679 654 727 695 ut
747 663 834 695 nos
856 647 1073 712 exemplo
1090 663 1172 695 suo
1197 644 1356 694 doceat
1385 643 1446 694 de
1465 608 1636 694 incerta
1660 651 1705 694 et

145 726 332 776 terribili
370 727 524 788 judicii
562 727 635 775 die
662 730 857 792 cogitare
900 736 946 777 et
972 729 1117 794 loqui,
1146 727 1274 792 quasi
1294 727 1444 775 statIm
1469 733 1514 775 et
1539 727 1704 775 nostris

145 806 428 870 temporibus
448 804 616 868 futura,
639 807 834 870 scilicet,
866 815 911 855 ut
941 825 1024 856 nos
1048 806 1106 856 ad
1124 805 1242 854 illam
1263 806 1479 854 continue
1505 820 1704 868 compa-

146 897 312 929 remus
1371 943 1373 945 ,
1667 926 1688 929 -

214 954 397 1005 Nostrae
431 961 585 1007 mortis
610 952 745 1019 dies,
775 961 927 1024 judicii
966 963 1107 1010 nostri
1151 959 1250 1010 dies
1273 962 1358 1009 erit
1387 977 1398 1007 :
1431 958 1550 1008 hanc
1572 960 1703 1024 igitur

147 1037 304 1084 mortis
325 1034 445 1083 diem
465 1074 479 1098 ,
505 1040 628 1101 quasi
647 1043 887 1089 instantem
906 1078 920 1103 ,
949 1057 1040 1105 prae
1066 1039 1204 1089 oculis
1229 1038 1478 1088 habeamus
1499 1054 1700 1102 semper,

116 1144 118 1147 v
147 1118 194 1160 et
219 1121 539 1176 exspec¹e1nus
563 1120 785 1180 suspensi.

217 1186 288 1250 Y.
318 1186 378 1238 15
402 1197 445 1238 et
479 1185 863 1254 1G.Quoni'c1m
842 1213 938 1258 epse
960 1196 1240 1246 Dominus...

215 1261 511 1328 Magnificum
530 1274 571 1314 et
589 1277 962 1320 momentaneum
983 1271 1196 1321 describit
1217 1271 1467 1320 adventum
1487 1267 1699 1342 Dorqini,

148 1341 455 1407 quasdamque
483 1346 578 1406 ejus
602 1347 970 1399 circumstantias.

214 1417 293 1469 Pri
281 1424 373 1468 mo
388 1422 522 1484 ‚ipse
546 1423 803 1484 Dominus,
836 1443 927 1475 non
952 1427 1133 1492 angelus
1155 1426 1223 1477 sui
1252 1430 1379 1488 vice,
1406 1427 1489 1477 sed
1506 1429 1701 1492 ipsemet

93 1507 108 1520 ⁶
146 1502 194 1556 in
213 1497 292 1549 sua
322 1498 499 1564 propria
525 1501 731 1566 persona.
1371 1508 1387 1541 ἰ

217 1573 311 1637 Qui
353 1575 586 1625 descendit
620 1576 798 1627 humilis
836 1582 883 1629 in
921 1599 1003 1631 suo
1031 1584 1176 1647 primo
1215 1582 1440 1643 adventu,
1481 1579 1701 1644 gloriosus

146 1651 394 1701 descendet
418 1654 462 1700 in
486 1653 703 1702 secundo.

214 1723 427 1801 Secundo
443 1763 457 1788 ‚
484 1730 532 1775 in
554 1728 719 1791 jussu,
744 1747 845 1779 cum
870 1733 1060 1797 imperio
1085 1739 1129 1780 et
1154 1739 1378 1796 potestate
1401 1729 1591 1795 maguti,
1608 1733 1698 1781 suis

144 1805 331 1867 stipatus
354 1804 520 1868 angelis
541 1808 712 1855 veniet.

214 1875 298 1929 Gr.
321 1875 366 1925 ἐν
387 1877 683 1940 masagam,
708 1881 830 1943 quod
865 1881 1086 1945 significat
1126 1884 1260 1932 etiarn
1292 1882 1538 1933 hortamen
1565 1900 1701 1933 com-

145 1974 314 2018 mune,
360 1973 440 2006 seu
484 1959 890 2009 conclamationem
917 1959 1003 2025 qua
1026 1969 1196 2022 nautae,
1241 1977 1322 2011 seu
1359 1962 1552 2023 milites,
1599 1979 1702 2012 sese

145 2038 302 2083 mutuo
344 2035 541 2084 excitant
575 2035 631 2083 ad
671 2053 769 2085 rem
815 2042 999 2087 strenue
1037 2037 1260 2102 agendam
1284 2057 1295 2085 :
1334 2037 1443 2088 hinc
1483 2034 1702 2088 Erasmus

145 2112 310 2171 vertit,
344 2127 454 2160 cum
480 2110 674 2162 hortatu.

214 2186 280 2239 At
301 2184 451 2237 Graeci
482 2191 750 2255 interpretes
785 2190 903 2240 hanc
925 2208 1091 2242 vocem
1131 2192 1188 2239 in'
1211 2186 1290 2240 sua
1311 2190 1491 2257 propria
1520 2195 1699 2259 signifi-

145 2267 330 2316 catione
345 2269 586 2332 accipiunt,
612 2268 802 2333 scilicet,
821 2270 936 2334 ''pro‚
952 2269 1114 2334 jussu,
1138 2271 1349 2334 imperio,
1373 2287 1464 2336 quo
1492 2268 1698 2322 Christus

142 2338 376 2391 Dominus
398 2359 504 2391 suos
529 2344 711 2409 angelos
734 2353 779 2394 et
803 2347 1034 2396 ministros
1057 2347 1232 2410 jubebit
1255 2363 1356 2397 esse
1377 2354 1562 2412 praesto,

213 2414 396 2482 Tertio,
411 2420 517 2466 etin
537 2438 649 2469 voce
672 2422 944 2485 archangeli
955 2442 972 2472 .-
994 2426 1161 2490 quippe
1177 2423 1447 2488 archangelo
1461 2419 1694 2488 Michaeli‚

145 2493 412 2560 angelorum
429 2498 620 2563 principi
640 2507 681 2547 et
697 2500 834 2548 totius
847 2496 1066 2551 Ecclesiae
1080 2501 1256 2552 custodi
1271 2501 1510 2565 imperabit
1530 2518 1697 2553 vocem

145 2574 277 2631 dare;
305 2570 416 2637 qua,
441 2575 566 2637 quasi
587 2577 887 2626 instrumento
911 2581 1276 2640 resurrection'S,
1303 2584 1507 2627 mortuos
1531 2593 1694 2630 ornnes

142 2651 201 2702 ad
219 2653 363 2702 vitam
388 2661 590 2704 revocet.

208 2725 334 2778 Haee
358 2745 455 2779 vox
478 2727 618 2782 Joan.
648 2731 694 2795 5,
724 2733 884 2786 dicitur
905 2754 1003 2790 vox
1030 2738 1148 2787 Fila·
1171 2736 1290 2797 Dei,
1320 2737 1421 2802 quia
1444 2737 1571 2800 jussu
1600 2737 1719 2801 ejus

142 2797 191 2852 et'
212 2803 404 2853 nomine
429 2801 560 2855 facta.

208 2874 422 2944 Quarto,
445 2888 490 2930 et
510 2882 560 2931 in
583 2879 697 2932 tubd
721 2885 774 2936 D.
790 2888 842 2951 i,
863 2889 963 2943 s've
982 2889 1106 2954 qubd
1134 2905 1239 2941 vexa
1259 2897 1303 2941 e'.
1322 2890 1446 2942 realis
1467 2891 1526 2943 sit
1568 2889 1703 2950 tnta,-
