1800 3158
104 75 209 135 266
480 90 495 107 Χ
524 98 781 152 nprsrozffi
816 102 884 137 An
917 81 1268 140 pirimppssns'fls

174 166 290 220 Non
315 171 415 220 sine
438 169 571 221 causei
598 189 683 222 vos
707 173 868 224 meiet
889 175 984 224 mei
1011 175 1238 226 similium‘
1259 166 1513 226 imitatoris
1544 155 1672 232 volm

106 250 209 313 quia
231 247 478 298 multisunt
497 266 593 299 non
616 250 852 314 imitandi,
887 252 992 303 lieet
1021 249 1256 304 Christum
1285 250 1550 319 Christique
1574 239 1682 312 eru·

109 345 212 379 cem
231 328 517 394 praedicent3
546 332 594 381 id
620 335 746 396 saepe
782 333 921 382 vobis
950 333 1047 383 dixi
1085 337 1190 384 cum
1223 351 1373 385 essem
1407 334 1528 404 apud
1557 352 1642 386 vos
1661 323 1691 395 ‚⁸

106 412 232 457 nunc
254 416 409 459 autem
429 417 474 459 et
496 411 676 475 scriptis
701 419 746 461 et
769 411 979 479 lacrymis
1001 412 1124 463 dico.

181 484 277 550 Qui
300 490 348 537 in
369 487 538 548 deliciis
560 492 748 553 vivunt,
774 494 881 541 vere
902 491 1118 560 lacrymis
1136 491 1262 557 digni
1285 499 1408 543 sunt.
1437 488 1502 542 D.
1517 487 1678 559 Chry—

113 575 361 621 sostomus.

206 645 440 695 Inimicos
455 644 618 697 ¹crucis
641 647 831 699 Christi.

180 721 362 775 Inimici
385 735 486 776 sunt
504 730 646 777 crucis
670 724 872 790 Christi,
895 730 1067 794 primo,
1096 731 1198 797 quia
1216 729 1582 793 justificationem
1602 726 1696 792 legi

114 800 399 861 tribuebant,
422 819 517 852 non
536 807 720 868 gratiae,
747 822 847 870 quae
870 807 1010 854 crucis
1029 814 1098 856 est
1120 805 1306 856 fructus.
1326 803 1566 869 Secundi),
1587 807 1691 870 quia

118 878 500 930 christianismum
524 882 813 942 simulantes,
839 884 888 932 in
908 884 1001 932 otio
1026 892 1072 933 et
1102 882 1273 933 deliciis
1296 885 1542 946 vivebant,
1564 881 1689 948 quod

115 957 380 1009 adversatur
407 963 528 1015 cruci
546 998 558 1022 ,
583 965 643 1012 ait
663 960 727 1012 D.
749 959 1119 1027 chrysostomus.
1570 959 1575 963 ’

185 1032 317 1086 Nihil
337 1043 470 1102 aeque
493 1042 519 1088 a
546 1036 803 1090 Christiano
823 1039 1019 1088 alienum
1045 1046 1114 1089 est
1141 1055 1194 1088 ac
1224 1040 1430 1104 requiem
1463 1046 1508 1088 et
1536 1039 1680 1087 otium

118 1130 317 1178 quaerere
331 1153 342 1174 ,
361 1124 448 1165 etc,
465 1113 694 1166 Dominus
707 1125 808 1166 tuus
825 1118 869 1165 in
886 1134 1066 1166 crucem
1082 1124 1204 1166 actus
1225 1123 1316 1176 est,
1344 1123 1388 1165 et
1409 1123 1455 1163 tu
1476 1116 1683 1178 requiem

120 1189 558 1257 quae1·is!,JDominus
586 1202 688 1244 tuus
713 1194 850 1244 clavis
886 1193 1093 1244 confixus
1133 1202 1227 1254 est,
1273 1201 1321 1243 et
1352 1201 1402 1243 tu
1427 1190 1681 1241 deliciaris!

117 1266 346 1319 Haeccine
366 1270 516 1320 militis
541 1271 788 1335 generosi?
809 1268 872 1321 D.
903 1267 1294 1341 Chrysostomus.¹
1534 1262 1540 1269 ’

144 1356 149 1359 ’
182 1345 236 1399 si
259 1346 514 1401 Dominum
538 1359 664 1401 tuum
688 1367 810 1400 amas
828 1387 841 1411 ,
868 1349 980 1400 illins
1008 1352 1149 1400 vitam
1177 1352 1314 1409 vive,
1341 1355 1537 1398 mortem
1565 1345 1681 1401 illius

114 1441 299 1485 morere
322 1430 453 1496 :ipse
477 1437 522 1479 te
547 1427 780 1493 crucifige,
817 1445 913 1478 non
936 1436 983 1477 ut
1016 1430 1113 1494 ipse
1150 1436 1194 1477 te
1230 1428 1492 1486 interimas,
1518 1423 1602 1474 sed
1633 1430 1682 1472 ut

119 1519 225 1553 cum
253 1501 398 1556 Paulo
441 1506 562 1555 dicas
585 1524 595 1553 :
622 1506 756 1554 Mihi
778 1505 977 1554 mundus
998 1503 1257 1569 crucifixus
1280 1511 1364 1552 est.
1403 1498 1560 1551 Idem.

187 1571 246 1631 Ῠ.
280 1600 359 1650 19.
393 1581 603 1647 Quorum
617 1580 739 1646 finis
762 1585 976 1631 interitus
991 1598 1013 1639 ;
1034 1583 1080 1632 id
1106 1589 1173 1632 est
1192 1620 1206 1644 ,
1235 1582 1311 1646 qui
1337 1578 1394 1628 ad
1426 1585 1684 1633 extremum

119 1660 334 1727 peribunt
354 1698 368 1724 ‚
400 1668 714 1725 aeternumque
737 1661 956 1709 subibunt
981 1660 1264 1724 supplicium-

183 1735 390 1789 Pereant
411 1754 520 1804 ergo
540 1754 731 1788 necesse
753 1745 819 1787 est
841 1739 915 1803 qui
938 1754 1120 1787 crucem
1145 1733 1347 1796 Christi,
1369 1732 1547 1782 sontem
1561 1731 1680 1781 salu·

94 1825 99 1827 ’
117 1823 195 1885 tis,
220 1814 468 1871 evacuant.
1009 1808 1013 1811 ’

190 1895 403 1961 Quorum
432 1896 555 1945 Deus
579 1900 740 1942 venler
760 1900 844 1942 est.
875 1888 996 1953 Quia
1019 1893 1115 1955 eius
1136 1886 1276 1955 gratia
1300 1886 1470 1937 faciunt
1491 1889 1645 1937 omnia
1671 1907 1683 1936 z

118 1975 244 2041 quasi
265 1986 495 2024 summum
519 1971 696 2021 bonum
716 1972 762 2020 in
791 1969 962 2020 deliciis
984 1966 1264 2019 sensualibus
1287 1971 1531 2032 reponunt.
1558 1961 1685 2014 Hinc

114 2051 398 2106 ventricolae.

186 2131 250 2180 Et
273 2132 423 2196 gloria
453 2130 499 2178 1⁰11
522 2123 788 2192 confusione
809 2126 1031 2190 ipsorum.

180 2209 294 2280 Syr.
319 2210 458 2276 gloria
477 2212 707 2276 ipsorum,
738 2204 940 2255 dedecus
967 2205 1191 2268 ipsorum3
1219 2197 1267 2247 id
1296 2205 1398 2260 est,
1432 2195 1674 2259 gloriantur

117 2291 166 2339 in
183 2287 363 2354 flagitiis
383 2304 574 2353 quorum
602 2289 726 2350 ipsos
748 2283 919 2349 pudere
943 2284 1189 2343 oporteret.

184 2363 348 2419 Grave
368 2364 536 2416 malum
559 2370 627 2413 est
645 2362 789 2427 turpia
816 2358 964 2408 facere
995 2374 1008 2404 ε
1041 2355 1125 2405 sed
1149 2356 1186 2402 si
1208 2360 1255 2402 te
1278 2387 1290 2412 ,
1319 2346 1531 2398 cumsacis
1551 2385 1564 2412 ,
1586 2365 1668 2414 pu-

120 2445 254 2507 deat,
283 2447 409 2511 quasi
435 2441 673 2493 dimidium
698 2436 864 2488 malum
888 2443 972 2486 est.
996 2431 1060 2484 D.
1080 2430 1460 2497 Chrysostomus.
1480 2423 1563 2476 Sin
1585 2443 1664 2476 au-

116 2531 212 2576 tem
228 2520 343 2575 'inde
365 2531 411 2573 te
437 2519 597 2572 efferas
612 2555 624 2579 ,
654 2531 856 2566 summus
875 2516 967 2576 jam
984 2519 1053 2562 est
1067 2512 1206 2562 animi
1225 2520 1400 2575 stupor.

186 2601 288 2667 Qui
315 2608 496 2649 terrena
524 2597 717 2658 sapiunt
732 2628 750 2652 ,
789 2590 836 2639 id
863 2596 961 2650 est,
1007 2589 1235 2652 cogitant,
1281 2583 1471 2647 diligunt
1496 2583 1544 2628 et
1575 2593 1666 2627 cue·

177 2689 302 2731 rant.
509 2731 511 2734 Α

181 2755 242 2817 Ῠ.
265 2777 348 2812 20.
374 2752 551 2810 Nostra
569 2762 727 2806 autem
748 2750 1082 2802 conversatio...

191 2834 277 2890 Gr.
294 2836 620 2889 administratio
641 2827 1153 2894 nostra.Syr.nostrum
1165 2821 1452 2873 exercitium.
1474 2814 1685 2884 AEthiop.
1722 2867 1730 2872 ,

119 2917 280 2981 Ιεἰγίῐτᾱε
295 2924 465 2970 nostra.
486 2908 793 2963 Tertullianus
818 2925 830 2957 τ
851 2911 1007 2957 noster
1026 2903 1345 2968 municipatu&
1653 2913 1658 2916 ·
