1806 3164
134 93 202 162 76
600 107 864 144 EPISTOLAE
898 106 965 144 Au
999 107 1240 148 amn-:sios

133 192 227 233 tam
263 183 549 247 interrumpit
585 189 631 230 et
665 183 790 246 quasi
828 181 1097 246 suspendit,
1123 175 1276 234 donec
1307 182 1470 235 clarius
1491 193 1542 237 et
1571 185 1720 241 susus

135 263 406 328 explicuerit
437 267 482 310 et
501 262 773 341 mysterium
796 262 1053 339 vocationis
1077 259 1334 326 Gentium,
1354 271 1407 313 et
1433 281 1567 316 suum
1595 269 1722 318 inte:

138 339 320 392 Gentes
341 338 658 406 apostolatum.

205 418 262 470 In
292 418 380 469 hac
417 417 671 473 sententia,
698 417 743 466 si
763 425 920 466 tamen
942 398 1169 481 audistis,
1198 425 1286 470 etc.
1319 425 1431 472 vere
1465 421 1718 474 dubitantis
1753 453 1756 456 >

134 506 235 556 est;
269 515 329 547 ex
351 496 533 562 hocque
556 513 639 545 suo
661 494 801 545 dubio
819 498 953 545 sumit
974 498 1294 554 occasionem,
1320 515 1400 564 per
1419 499 1603 564 longam
1618 517 1716 567 pa-

135 573 422 634 renthesim,
452 572 610 620 clarius
637 570 897 635 explicandi
929 574 1163 638 quomodo
1190 573 1359 624 divina
1367 574 1721 665 dispensatione

139 649 395 704 Gentilium
426 648 568 699 factus
593 651 651 699 sit
671 648 958 714 praedicator.

210 725 562 791 Quamcumque
585 725 866 791 amplectaris
891 723 978 774 hac
1010 728 1058 776 in
1079 744 1129 777 re
1159 729 1453 794 opinionem,
1480 747 1580 780 non
1611 730 1724 797 plu-

136 814 306 861 rimum
328 806 464 859 refert
494 811 599 857 cum
623 825 786 857 omnes
809 806 1009 857 habeant
1037 816 1082 859 et
1112 826 1192 859 sua
1211 809 1508 862 fundamenta
1539 820 1587 862 et
1611 829 1725 862 suos

135 895 344 939 auctores
363 925 376 948 ‚
405 884 521 934 nulla
539 892 690 934 autem
713 886 840 934 omni
865 892 1012 934 careat
1039 885 1319 938 difficultate.

210 965 322 1018 Divi
342 965 625 1031 Hieronymi
647 966 1010 1028 interpretationi
1027 966 1176 1016 obstat
1198 983 1293 1016 vox
1317 968 1586 1033 interposita
1600 986 1723 1034 quo-

140 1046 275 1094 niam
295 1081 307 1105 ,
339 1044 487 1092 obstat
513 1050 558 1091 et
585 1042 886 1091 soloecismus.

203 1120 485 1184 ,OEcumenii
504 1123 832 1186 interpretatio,
858 1128 1021 1186 praeter
1041 1121 1226 1187 longum
1249 1123 1373 1188 quod
1392 1124 1588 1175 admittit
1608 1142 1719 1190 sup·

140 1201 422 1266 piamentum
441 1237 454 1260 ,
489 1201 661 1263 cogitur
682 1198 988 1248 soloecismum
1013 1217 1261 1263 agnoscere
1282 1202 1328 1249 in
1350 1208 1478 1250 textu
1497 1197 1720 1264 Aposto-

137 1278 226 1326 lico
246 1315 255 1337 ,
284 1284 330 1326 et
349 1273 545 1324 Paulum
571 1277 617 1323 in
639 1272 783 1323 aliena
805 1273 953 1338 lingua
974 1273 1307 1325 balbutientem
1329 1274 1484 1337 fateri,
1508 1278 1623 1326 sicut
1643 1274 1723 1326 lo—

142 1355 294 1421 quitur
321 1350 386 1402 D.
415 1349 749 1416 Hieronymus.

212 1428 502 1479 Theodoreti
523 1429 677 1492 opinio
700 1427 954 1492 longiorem
974 1426 1169 1477 admittit
1187 1423 1524 1493 parenthesim,
1547 1435 1593 1477 et
1611 1427 1718 1479 lon·

141 1509 321 1574 giorem
338 1508 383 1555 in
406 1508 612 1555 oratione
628 1505 967 1554 distractionem
985 1541 998 1566 ,
1021 1514 1064 1554 et
1085 1499 1272 1571 quidem
1295 1505 1594 1558 voluntariam
1609 1543 1627 1570 ,
1644 1514 1722 1570 et,

144 1593 193 1634 ut
219 1583 334 1633 mihi
357 1581 565 1642 videtur,
594 1583 694 1629 sine
718 1583 1004 1630 necessitate.

214 1657 547 1725 Supplemento
581 1657 714 1705 verbi
743 1673 846 1703 sum
871 1655 992 1704 solus
1026 1657 1176 1706 obstat
1208 1656 1416 1706 articulus
1443 1660 1723 1723 praepositus

144 1731 404 1797 ὅὲέσμιος,
434 1735 510 1781 ille
533 1734 734 1783 vinctus.
1567 1771 1569 1773 ,

215 1812 309 1864 Sed
330 1823 632 1881 praeterquam
658 1809 812 1876 quod,
842 1817 889 1859 ut
915 1809 1040 1873 dixi,
1069 1810 1254 1861 denotat
1278 1810 1588 1861 celebritatem
1605 1812 1723 1862 vin-

146 1890 353 1941 culorum
378 1887 535 1952 Pauli,

217 1966 336 2018 Haec
356 1966 591 2016 difficultas
621 1964 778 2015 divum
797 1961 1178 2029 Chrysostomum
1197 2002 1211 2028 ,
1237 1961 1453 2015 Graeccm
1467 2001 1480 2025 ,
1505 1982 1603 2015 non
1621 1963 1720 2015 de*-

102 2072 105 2073 ⁷
146 2049 335 2107 terruit,
364 2054 409 2095 et
427 2061 536 2094 sane
554 2046 727 2093 caeteris
747 2044 899 2091 minor
926 2051 1023 2104 est,
1046 2045 1082 2091 si
1103 2044 1227 2094 bene
1251 2045 1590 2112 perpendantur
1608 2047 1727 2096 aliae.

216 2120 422 2173 Aliunde
447 2130 616 2184 autem,
641 2119 731 2169 hoc
746 2122 882 2168 unico
902 2118 1220 2184 supplemento
1242 2121 1398 2185 (quod
1417 2118 1636 2170 Hebraeis
1653 2120 1724 2174 sa·

147 2203 362 2263 miliare)
396 2201 581 2263 addito,
613 2202 752 2250 totius
789 2199 947 2264 capitis
985 2213 1144 2246 sensus
1175 2214 1412 2248 connexus
1435 2205 1503 2247 est
1543 2206 1588 2248 et
1622 2214 1732 2248 cum

149 2280 519 2348 praecedentibus
559 2286 605 2328 et
652 2293 756 2326 cum
788 2275 1117 2340 sequentibus,
1146 2280 1192 2322 ut
1224 2275 1273 2322 in
1304 2272 1475 2338 analysi
1512 2281 1557 2323 et
1590 2289 1736 2338 para-

151 2360 305 2428 phrasi
336 2358 481 2406 videri
505 2362 670 2421 potest.

221 2435 352 2486 Nihil
375 2450 483 2498 ergo
506 2435 626 2497 cogit
643 2420 702 2479 ad
720 2430 960 2479 obscuram
984 2437 1029 2479 et
1048 2429 1304 2493 longiorem
1322 2426 1635 2494 parenthesim
1651 2444 1733 2477 re-

153 2531 349 2566 currere

223 2591 365 2643 Adde
400 2589 524 2659 quod
555 2591 594 2638 si
621 2602 725 2652 quae
754 2583 911 2637 Graeci
948 2587 1175 2637 sermonis
1217 2587 1444 2651 imperitia
1476 2600 1583 2635 curn
1615 2582 1733 2634 divo

145 2666 364 2738 Hieron)
370 2685 451 2719 mo
470 2666 549 2717 hic
572 2665 885 2731 agnoscenda,
918 2672 1029 2731 puto
1057 2663 1181 2731 quod
1205 2665 1396 2714 minima
1418 2663 1478 2712 sit
1504 2657 1739 2726 eligenda.
