1806 3164
118 108 216 163 168
578 130 830 168 emsa-omn
864 132 934 171 An
976 136 1214 176 EPmistos
1333 171 1350 179 t

113 189 286 245 minas
307 213 319 244 ε
346 189 572 249 scientes
593 191 719 263 quia
740 207 791 251 et
810 194 1027 256 illorum
1045 212 1096 257 et
1116 213 1287 260 vester
1303 204 1580 267 Dominus
1598 221 1689 268 est·

111 277 167 334 in
184 279 330 337 coelis
357 300 371 334 ε
399 294 446 338 et
471 302 829 353 personarum
868 289 1101 359 acceptio
1134 311 1246 348 non
1275 305 1354 351 est
1374 297 1519 366 apud
1537 318 1678 357 eum.

185 513 264 546 ιο.
291 489 379 545 De
402 502 608 558 caetero,
635 489 844 561 fratres,
865 492 1244 551 confortamini
1265 494 1322 552 in
1347 496 1607 568 Domino,
1626 511 1678 556 et

114 572 171 634 in
198 577 438 647 potentia
458 575 665 634 virtutis
684 577 815 647 ejus,
893 594 896 596 ’

185 744 263 777 ιι.
294 720 508 778 Induite
542 742 637 779 vos
664 733 992 780 armaturam
1014 724 1152 794 Dei,
1196 736 1256 781 ut
1295 725 1508 796 possitis
1542 738 1679 785 stare

113 807 362 866 adversus
383 808 603 867 insidias
628 809 840 867 diaboli.

189 980 206 1011 ι
223 981 266 1012 2.
284 954 560 1030 Quoniam
582 977 692 1014 non
714 949 792 1015 est
811 956 966 1015 nobis
983 957 1286 1016 colluctatio
1303 958 1558 1018 adversus
1574 979 1681 1017 car·

112 1056 236 1099 nem
259 1055 311 1099 et
347 1043 660 1116 sanguinem
680 1087 694 1113 ‚
720 1048 826 1103 'sed
848 1047 1096 1105 adversus
1119 1047 1389 1119 principes
1413 1061 1465 1105 et
1491 1061 1680 1120 potes·

109 1144 272 1202 tates,
312 1133 562 1191 adversus
591 1134 781 1190 mundi
812 1148 1042 1195 rectores
1081 1137 1420 1195 tenebrarum
1447 1139 1639 1196 harum
1661 1180 1675 1206 ,

114 1232 292 1277 contra
322 1221 621 1293 spiritualia
639 1223 890 1295 nequitiae
913 1225 970 1281 in
997 1224 1315 1284 coelestibus·

184 1617 262 1670 13.
295 1612 592 1684 Propterea
613 1615 835 1686 accipite
860 1630 1184 1675 armaturam
1203 1619 1340 1687 Dei,
1372 1631 1432 1675 ut
1465 1617 1675 1690 possitis

111 1701 426 1773 resisteressin
449 1701 533 1759 die
555 1703 719 1774 malo,
742 1716 793 1760 et
818 1703 875 1764 in
899 1704 1143 1763 omnibus
1170 1707 1392 1777 perfecti
1412 1719 1567 1764 stare.

181 1931 261 1992 ¹4·
290 1927 438 1982 State
461 1946 585 1999 ergo
608 1927 860 1985 succincti
881 1929 1093 1989 lumbos
1126 1943 1326 1990 vestros
1347 1933 1405 1990 in
1427 1934 1670 2005 veritate,
1698 1937 1702 1940 “

111 2025 162 2069 et
183 2013 357 2071 induti
378 2013 598 2072 loricam
621 2016 853 2087 justitiae.

183 2127 259 2179 15.
281 2123 350 2179 Et
372 2124 587 2182 calceati
611 2127 773 2196 pedes
793 2125 847 2182 in
869 2127 1248 2197 praeparatione
1274 2130 1546 2205 Evangelii
1570 2154 1672 2205 pa-

113 2230 213 2267 c1s=

180 2383 259 2434 16.
280 2377 346 2433 In
362 2377 610 2435 omnibus
631 2390 899 2434 sumentes
919 2388 1127 2434 scutum
1149 2374 1309 2447 fidei,
1333 2376 1389 2435 in
1409 2398 1519 2450 quo
1541 2397 1673 2451 pos-1

107 2465 223 2524 sitis
256 2465 440 2522 omnia
461 2464 566 2521 tela
587 2463 898 2534 nequissimi
918 2462 1072 2536 ignea
1090 2465 1415 2538 extinguere.

175 2665 198 2697 -ι
208 2664 255 2713 7.
284 2641 350 2696 Et
372 2640 575 2714 galcam
608 2634 789 2695 salutis
824 2637 1072 2695 assumite
1092 2679 1107 2708 ,
1128 2647 1180 2694 et
1199 2635 1434 2710 gladium
1458 2629 1671 2703 spiritus

97 2731 127 2792 ’ξ
143 2727 286 2798 quod
312 2738 390 2783 est
409 2727 632 2783 verbum
646 2725 761 2782 ‘Dei
777 2732 798 2792 )
813 2767 829 2793 ,

177 2826 254 2879 18.
291 2821 402 2878 Per
426 2843 643 2879 omnem
667 2822 965 2879 orationem
985 2833 1034 2878 et
1057 2817 1477 2879 obsecrationem
1510 2837 1672 2876 oran-

95 2921 181 2969 tes
203 2908 351 2968 omni
375 2920 644 2982 tempore,
665 2911 723 2966 in
745 2909 961 2982 spiritu;
997 2921 1048 2967 et
1080 2909 1137 2967 iu
1171 2909 1289 2979 ipso
1318 2907 1597 2981 vigilantes
1614 2904 1672 2962 iu
