1800 3158
261 58 282 83 t·

204 146 306 201 282
571 156 578 168 “
610 157 868 195 EmsTonAE
901 156 975 193 An
1011 122 1375 198 pfflnxppnxisns

254 235 324 288 Ut
347 236 467 286 hanc
489 243 639 285 autem
663 233 1025 300 objurgationem
1043 239 1299 297 temperet,
1316 234 1756 293 excusationem'ad-

181 313 283 377 jicit
303 314 487 362 tacitam
512 318 557 360 et
584 327 864 375 expressam.
1303 301 1307 305 ’
1643 295 1646 298 ’
1719 294 1723 295 ⁷

253 388 462 441 Tacitam
480 397 526 439 et
548 404 649 455 quae
674 388 813 438 debet
831 386 1133 452 subintelligi,
1151 387 1289 440 credo
1310 389 1496 456 quidem
1520 390 1643 458 quod
1663 409 1754 443 vo-

179 469 402 523 luntatem
426 477 473 519 et
494 467 708 519 affectum
730 465 985 515 habebatis.

249 544 560 613 Expressarn‚
584 546 667 598 sed
693 543 836 594 defuit
855 544 1195 608 opportunum,
1219 561 1315 594 non
1337 546 1554 609 poteratis
1572 552 1668 600 tum
1686 548 1749 597 ob

178 632 383 694 inopiam
400 668 414 693 ‚
442 637 540 679 tum
566 629 627 677 ob
654 623 835 691 negotia
852 660 866 686 ‚
891 633 988 675 tum
1011 625 1072 673 ob
1097 626 1348 675 occasionis
1370 625 1615 678 defectum.

245 699 305 759 fi.
339 726 360 756 1
375 725 417 756 1.
437 706 551 755 Non
578 704 913 770 quasz'propter
935 704 1243 767 Ρεηυρίαηι...
1260 720 1389 753 suam
1413 696 1602 756 excusat
1626 720 1748 755 con-

178 782 553 847 gratulationem,
582 800 663 833 seu
690 798 823 830 suum
854 778 1050 844 explicat
1089 779 1333 844 gaudium3
1372 785 1498 846 quasi
1543 783 1714 836 diceret
1727 795 1745 832 ‘z

178 858 357 912 Putatis
380 861 500 912 forte
528 861 651 926 quod
690 859 797 908 ideo
823 858 1043 923 gaudeam
1062 896 1076 921 ‚
1101 860 1204 923 quia
1234 876 1313 924 per
1335 868 1535 912 vestram
1560 863 1746 913 benefi-

178 941 375 992 centiam
394 943 421 988 ὲ
447 936 635 1003 penuria
663 935 767 986 mezi
794 935 1052 985 sublevatus
1084 953 1201 987 sum.

246 1014 362 1069 Non
385 1025 452 1067 est
477 1020 535 1067 ita
556 1039 566 1067 :
587 1017 684 1080 Ego
705 1015 829 1063 enim
848 1015 994 1062 didici
1015 1014 1064 1062 in
1085 1014 1143 1062 iis
1164 1030 1268 1077 quoe
1286 1014 1479 1077 reperio,
1505 1024 1748 1068 contentus

176 1112 291 1145 6338.
1304 1114 1332 1133 ἡ

239 1170 402 1222 'Minus
425 1175 575 1236 itaque
600 1178 784 1236 propter
812 1169 1046 1234 penuriam
1068 1185 1220 1217 meam
1243 1167 1523 1220 sublevatam
1544 1171 1742 1236 gaudeo,

178 1252 315 1315 quam
338 1256 521 1314 propter
542 1247 805 1297 charitatem
831 1253 1049 1296 vestram.

245 1321 414 1373 Mirare
439 1323 518 1372 hic
537 1330 582 1373 et
604 1324 778 1371 imitare
801 1318 864 1372 D.
895 1318 1023 1370 Pauli
1051 1320 1366 1387 prudentiam:
1384 1321 1500 1373 nihil
1523 1323 1645 1375 dicas
1668 1335 1744 1377 aut

176 1402 311 1453 facias
338 1420 535 1469 unquam
554 1404 601 1450 in
626 1402 864 1450 ministerii
890 1402 1107 1466 exercitio
1122 1438 1138 1462 ‚
1161 1418 1251 1466 quo
1269 1409 1392 1452 tuam
1412 1419 1617 1468 exponas
1639 1407 1742 1456 ino·

175 1487 329 1550 piam,
356 1491 431 1533 aut
454 1500 543 1549 quo
565 1489 713 1546 pateat
738 1479 861 1545 quod
888 1481 946 1528 ab
976 1476 1029 1528 ezi
1052 1481 1203 1544 cupias
1226 1479 1469 1530 sublevari.

244 1558 388 1611 Disce
402 1562 458 1610 ab
474 1556 701 1625 Apostolo
719 1559 767 1606 in
783 1558 934 1621 paucis
955 1555 1185 1604 sufficiens
1210 1552 1480 1618 esse‚multa
1499 1574 1596 1607 non
1611 1557 1743 1617 desi·
1792 1583 1796 1586 ·

171 1637 337 1691 'derare
360 1661 370 1688 ι
389 1641 568 1690 divinus
585 1637 662 1685 hie
673 1638 759 1694 vir,
781 1643 1024 1701 perpetuus
1050 1633 1139 1684 Dei
1156 1637 1371 1699 imitator,
1385 1637 1474 1693 sibi
1487 1635 1736 1698 sufficiens,

175 1716 292 1767 nihil
315 1724 560 1782 appetens,
587 1713 800 1761 omnibus
835 1713 1138 1758 communicat
1161 1718 1207 1758 et
1249 1711 1490 1761 liberaliter
1530 1711 1741 1764 effundit.

243 1791 388 1844 Hunc
422 1800 498 1841 tuo
531 1792 703 1844 imitare
739 1786 950 1849 modum,
978 1788 1130 1851 paucis
1165 1795 1430 1848 contentus,
1454 1787 1569 1837 nihil
1591 1805 1740 1855 appe-

173 1881 276 1924 tens
290 1908 304 1932 .,
327 1868 522 1920 benefac
542 1868 771 1916 omnibus.

243 1949 267 2010 (
289 1947 363 1998 De
384 1945 475 1996 Dei
496 1943 777 1994 sufficientia.
803 1939 924 1990 Vide
943 1935 1204 1989 Cornelium
1227 1940 1253 1987 a
1278 1935 1507 2003 Lapide.)

239 2025 327 2077 vir
352 2023 624 2092 apostolicus
655 2020 743 2071 Dei
765 2022 821 2070 sit
843 2021 1059 2069 imitator.

242 2099 303 2156 fi,
329 2123 404 2154 12.
423 2099 534 2150 Scio
562 2109 606 2148 et
627 2098 884 2155 humiliari,
910 2097 1006 2144 scio
1024 2104 1068 2142 et
1091 2093 1349 2155 abundare,
1386 2091 1435 2142 id
1455 2099 1553 2154 est,
1574 2093 1670 2141 scio
1691 2094 1741 2144 in

169 2183 307 2236 rebus
329 2182 504 2245 exiguis
521 2179 831 2244 patienter-me
852 2188 1007 2239 gerere
1031 2189 1043 2228 ;
1066 2174 1160 2221 scio
1183 2178 1227 2219 et
1245 2170 1384 2219 rebus
1406 2169 1740 2220 abundantibus

226 2267 238 2280 ⁸
260 2262 511 2315 moderate.

172 2275 496 2403 uuUtramque
517 2333 744 2383 fortunam
773 2337 817 2380 et
839 2328 1065 2377 tenuitatis
1091 2334 1135 2376 et
1155 2323 1448 2379 abundantiae
1475 2326 1589 2375 novi
1620 2323 1746 2378 ferre-

171 2416 427 2469 moderate.

239 2489 438 2542 Scientia
462 2484 566 2533 haec
593 2481 838 2549 apostolica
860 2494 1110 2544 pauperum
1140 2475 1507 2542 evangelicorum
1537 2477 1756 2564 doctrina„

169 2573 232 2623 sit
252 2577 298 2620 et
318 2581 479 2618 norma
504 2580 515 2609 z
537 2563 683 2610 sciant
718 2560 764 2607 in
799 2554 987 2622 penuria
1012 2572 1107 2604 non
1133 2555 1322 2615 tristari,
1347 2569 1444 2604 non
1469 2551 1739 2615 dejicis-sed

168 2650 396 2718 patientes
423 2658 554 2699 esse3
587 2640 728 2687 sciant
752 2638 800 2685 in
823 2630 1099 2684 abundantia
1123 2637 1230 2684 ‘non
1259 2631 1473 2692 dissolvi,
1494 2647 1592 2685 non
1617 2630 1755 2685 deli-,

172 2730 305 2787 ciari,
333 2722 417 2772 sed
439 2719 634 2784 frugales
659 2732 760 2767 esse
784 2722 829 2765 et
853 2712 1092 2763 moderati.
1396 2754 1398 2757 ,
1783 2768 1785 2770 ³

247 2804 425 2866 Ubique
446 2806 491 2846 et
514 2798 563 2844 in
586 2795 799 2844 omnibus
826 2793 1068 2840 institutus
1106 2808 1229 2839 sum.
1266 2784 1352 2838 Gr.
1389 2789 1439 2838 in
1472 2787 1599 2841 omni
1618 2793 1678 2839 et..
1691 2785 1740 2838 in
1777 2781 1785 2825 ὲ

180 2881 417 2936 omnibus.
449 2877 504 2921 Ev
530 2866 688 2920 παντί
722 2865 808 2916 καὶ
834 2864 879 2915 ἐν
909 2873 1048 2914 πᾶσι.

238 2957 348 3026 Syr.
370 2958 418 3006 in
444 2952 656 3005 omnibus
676 2950 788 2999 etin
812 2946 1026 2997 omnibus
1053 2942 1328 2994 exercitatus
1345 2956 1471 3001 sum..
