1806 3164
151 77 247 140 144
576 88 838 126 emsa-omn
874 90 945 127 An
987 52 1234 128 Eonesros

147 166 316 232 quanto
338 165 484 230 magis
507 161 567 213 de
588 158 899 222 sacerdotibus
925 172 972 214 et
997 163 1057 214 de
1080 162 1324 231 religiosis
1314 203 1330 229 ,
1357 161 1468 218 Deo
1489 129 1727 236 specialis-

144 248 260 296 sime
285 252 335 295 et
353 243 550 295 totaliter
579 261 662 309 per
690 251 797 294 vota
815 281 830 308 ,
854 261 936 310 per
961 244 1173 296 ordinem
1198 263 1330 297 suum
1352 249 1652 301 consecratis!

213 324 308 373 Sed
328 324 480 388 magis
503 324 765 387 gratiarum
790 324 946 385 actt',o
980 323 1153 377 scilicet
1174 325 1395 378 audiatur.

214 403 347 457 Hinc
367 407 576 472 antiquus
598 389 820 455 salutandi
846 421 979 468 mos,
1001 406 1121 471 apud
1144 423 1308 458 omnes
1330 407 1600 461 christianos
1619 410 1723 460 usi-

143 494 299 537 tatus:
288 482 428 536 ·Deo
449 486 628 548 gratias.
649 481 770 535 Vide
792 481 857 535 D.
879 480 1184 552 Augustinum
1200 524 1215 551 ,
1245 489 1380 552 epist.
1404 506 1489 555 77.

216 558 303 611 Dei
331 559 667 611 beneficiorum
694 578 924 611 memores
940 599 954 625 ,
978 563 1201 613 debemus
1224 580 1410 632 semper
1430 562 1539 617 Deo
1555 568 1721 632 gratias
1745 591 1752 610 ι

145 655 279 705 agere
298 675 313 701 ,
337 647 382 689 et
405 655 567 687 omnes
597 637 655 687 ad
677 640 837 703 gratias
859 636 966 690 Deo
986 640 1184 707 agendas
1212 658 1482 708 provocare·

219 715 289 779 5⁵.
317 714 366 767 5.
391 718 501 766 Hoc
527 717 651 766 enim
676 723 892 767 scitote...

114 851 120 856 ,
213 792 279 844 Ut
303 794 362 845 de
389 794 618 860 praedictis
641 794 915 858 sceleribus,
943 812 1042 863 quae
1061 812 1152 846 nec
1179 795 1476 862 philosophi,
1513 813 1603 848 nec
1630 791 1722 848 Si-

144 873 347 922 moniani
372 879 419 921 ut
445 873 554 920 vitia
577 872 878 936 reputabant,
910 873 1130 934 majorem
1150 866 1369 938 Ephesiis
1392 867 1579 922 incutiat
1598 868 1719 920 hor*

141 966 323 1013 rorem,
347 951 413 1000 eis
438 966 539 998 cum
565 945 767 998 maxima
792 947 1061 998 certitudine
1093 955 1320 998 asseverat
1351 946 1476 1013 quod
1504 955 1551 997 et
1580 962 1720 997 scor-

140 1031 281 1090 tatio,
308 1036 355 1079 et
378 1026 664 1079 immunditia
683 1065 698 1091 ,
727 1035 772 1077 et
793 1028 978 1077 avaritia
1005 1030 1030 1077 a
1053 1024 1145 1077 Dei
1171 1042 1315 1091 regno
1345 1023 1608 1076 excludunt.

208 1103 350 1173 Igitur
370 1107 491 1155 bene
513 1106 676 1153 scitote
694 1113 741 1154 et
764 1104 1004 1168 intelligite
1021 1141 1037 1168 ,
1061 1111 1219 1153 contra
1239 1101 1461 1167 quosdam
1481 1102 1558 1168 qni
1579 1100 1727 1150 vobis·

142 1184 419 1232 contrarium
444 1179 602 1230 dicunt
619 1216 632 1240 ,
717 1227 724 1242 ,
808 1175 813 1179 ’

214 1260 357 1326 Quod
381 1262 534 1308 omnis
540 1261 816 1324 fornicator
827 1294 845 1319 ,
873 1260 1010 1309 etiam
1032 1257 1247 1323 simplicis
1270 1255 1609 1314 fornicationis3

208 1342 314 1389 Aut
354 1340 653 1400 immundas,
688 1337 1045 1404 pollutionibuS,
1080 1343 1155 1386 aut
1186 1335 1282 1384 aliis
1320 1341 1477 1384 contra
1510 1330 1716 1384 naturam

137 1417 437 1472 immunditiis
452 1435 465 1472 ς

207 1498 310 1547 Aut
331 1512 528 1553 avar-115,
554 1495 655 1543 sive
678 1497 754 1561 qui
775 1511 835 1544 ex
857 1487 1042 1542 avaritia
1061 1493 1175 1558 rapit
1197 1490 1393 1542 alienum
1412 1526 1426 1552 ,
1450 1490 1552 1541 sive
1571 1488 1716 1555 quiin

139 1580 230 1627 suis
255 1575 460 1642 pecuniis
481 1589 614 1622 suum
640 1575 764 1645 quasi
785 1573 928 1622 finem
950 1572 1158 1622 ultimum
1179 1570 1383 1620 collocat.

161 1654 354 1720 'Quod
375 1660 443 1700 est
471 1651 697 1699 idolorum
732 1653 938 1700 servitus.
961 1647 1016 1699 In
1052 1646 1224 1699 Graeco
1257 1665 1382 1699 nunc
1415 1654 1513 1707 est,
1545 1646 1623 1711 qui
1644 1651 1715 1696 est

133 1733 383 1789 idololatra.
406 1729 486 1782 Sic
505 1733 641 1780 etiam
663 1727 726 1780 D.
749 1726 1130 1797 ChrysostomuS.

203 1807 300 1863 Sed
323 1808 488 1860 eodem
507 1825 645 1858 sensu
666 1809 851 1858 avaritia
874 1814 943 1857 est
964 1805 1247 1868 idololatria,
1274 1810 1320 1854 et
1341 1817 1502 1853 avarus
1522 1807 1591 1850 est
1607 1797 1710 1850 ido·

135 1886 307 1939 lolatra.

176 1960 381 2014 ‘Avarus
409 1964 535 2012 enim
558 1960 700 2011 habet
726 1961 905 2011 divitias
933 1977 1015 2026 pro
1045 1956 1176 2018 Deo;
1214 1960 1262 2008 in
1302 1954 1389 2006 illis
1417 1971 1549 2005 suam
1577 1968 1711 2020 spem

135 2040 326 2111 collocat
346 2061 357 2099 3
384 2043 439 2090 iis
461 2057 511 2091 se
532 2048 681 2090 totum
703 2039 938 2103 devovet,
963 2056 1066 2107 cor,
1083 2045 1310 2099 mentem,
1329 2036 1528 2086 animam
1544 2038 1717 2100 totam,

139 2120 294 2168 omnia
316 2134 396 2168 sua
420 2115 639 2165 immolat.

202 2195 315 2246 Non
335 2195 476 2243 habet
499 2193 871 2243 haereditatem...
893 2191 941 2240 id
964 2198 1033 2240 est
1053 2197 1066 2250 ,*
1099 2193 1170 2255 jus
1199 2206 1293 2238 non
1318 2181 1460 2238 habet
1484 2184 1544 2235 ad
1563 2182 1710 2235 haere·

138 2277 338 2328 ditatem(
358 2274 554 2325 filiorum
574 2271 715 2324 Dei:
743 2270 1007 2323 excludetur
1028 2273 1055 2320 ὲ
1078 2287 1221 2335 regno
1249 2264 1383 2330 Dei,
1419 2265 1632 2333 ejicietur
1657 2265 1710 2314 in

138 2356 374 2415 tenebras,
400 2354 486 2402 ubi
503 2353 591 2401 ent
585 2351 788 2418 fletus

210 2430 403 2483 Utinam
418 2430 476 2480 ad
490 2429 613 2480 hanc
631 2447 661 2477 v
664 2430 868 2478 eritatem
882 2427 1001 2477 serio
1018 2424 1307 2477 attenderent
1321 2431 1389 2474 tot
1403 2429 1450 2473 et
1468 2428 1536 2473 tot
1553 2416 1709 2481 Chris-

137 2515 281 2576 tiani,
317 2514 409 2562 suis
431 2509 750 2577 cupiditatibus
770 2507 978 2570 seducti,
1006 2514 1052 2556 et
1087 2507 1215 2555 vanis
1246 2503 1532 2555 nebulonum
1552 2499 1718 2552 verbis

140 2588 351 2676 decepti3
381 2588 479 2654 qui
492 2583 594 2635 haec
626 2584 788 2636 eadem
821 2589 1037 2649 peccata,
1075 2583 1124 2631 in
1160 2586 1383 2630 aeternum
1415 2575 1705 2635 damnantia,

140 2666 266 2730 quasi
289 2661 479 2721 nihilum
505 2663 640 2712 etiam
661 2659 802 2710 hodie
822 2664 1061 2725 reputant
1048 2657 1059 2690 ¹

208 2737 443 2801 Domine,
473 2739 661 2790 videant
679 2738 862 2789 lumen!
886 2743 953 2787 tot
970 2749 1197 2787 caecorum
1214 2733 1261 2783 in
1282 2732 1382 2798 ipso
1401 2727 1578 2782 lumine
1596 2725 1707 2796 pal-

140 2820 341 2886 parilium
365 2821 598 2869 miserere.

205 2894 273 2962 Υ.
299 2897 350 2950 6.
378 2897 533 2948 Nemo
555 2912 640 2947 vos
658 2894 900 2944 seducat...
