1800 3158
473 121 696 177 imma<
731 134 1025 174 Exp'osr‘no.
1062 120 1178 184 Cap.
1212 115 1326 171 111.
1581 118 1683 182 245

159 210 339 283 ‘thue
356 216 413 266 -in
436 200 621 266 Christo
636 214 868 279 reperiar,
895 228 974 261 seu
993 212 1215 268 existam;
1243 220 1349 258 non·
1364 208 1543 259 habens
1572 209 1682 271 ius-

0 290 8 330 ἷ
30 315 32 317 ’
112 297 272 347 titiam
278 308 460 355 meam,
481 295 598 342 meis
625 290 797 340 scilicet
819 291 992 339 viribus
1011 295 1182 352 partam
1201 324 1213 348 ‚
1246 304 1349 354 quae
1377 305 1434 337 ex
1453 287 1565 353 legis
1583 302 1683 336 no-

113 371 213 424 titia
233 380 278 423 et
299 372 627 421 observatione
650 369 920 433 acquiritur;

175 450 275 508 Sed
292 451 469 503 habens
490 451 612 501 illam
634 451 848 513 justitiam
874 464 979 513 quae
995 447 1189 497 habetur
1208 464 1290 512 per
1311 445 1453 497 fidem
1476 442 1676 503 Christi;

182 529 340 593 Iliam,
364 532 520 596 inquio
537 565 551 591 ‚
574 528 799 593 justitiam
818 564 831 589 ‚
870 543 975 591 quae
1001 544 1027 575 a
1050 523 1156 575 Deo
1179 532 1360 587 manat,
1383 526 1459 574 et
1447 542 1495 574 m
1516 515 1687 573 Christi

115 609 210 660 fide
228 607 458 659 fundatur.

186 684 254 738 Ut
273 703 546 750 cognoscam
570 684 691 735 illum
708 719 722 746 ‚
751 691 795 732 et
818 684 1069 747 potentiam
1106 681 1448 732 resurrectionis
1481 678 1619 740 illius,
1641 685 1687 728 et

120 763 497 812 communionem
524 762 785 824 passionum
811 761 934 821 ejus3

182 833 266 886 Me
301 835 592 886 conformans
615 838 752 885 morti
776 843 822 884 et
849 835 1133 901 passionibus
1165 837 1260 899 ejus
1277 870 1290 896 ‚
1315 834 1485 884 scilicet
1506 849 1588 898 per
1612 830 1685 880 la-

124 913 264 963 bores
278 914 336 963 “et
357 930 527 962 cruces.
1221 935 1228 938 -

189 991 285 1054 Ut,
311 993 350 1041 si
380 1007 471 1056 quo
492 987 635 1038 modo
657 988 851 1052 possim,
877 991 1143 1052 perveniam
1175 987 1233 1037 ad
1263 987 1444 1036 beatam
1476 981 1679 1034 Sancto-

118 1089 220 1123 rum
245 1070 639 1121 resurrectionem.

183 1165 308 1217 Haec
331 1167 436 1217 dico
455 1203 469 1226 ‚
511 1181 604 1213 non
629 1164 754 1229 quasi
776 1167 946 1210 metam
970 1162 1061 1223 jam
1087 1160 1501 1228 apprehenderim,
1526 1167 1600 1210 aut
1624 1159 1682 1210 ad

120 1247 365 1294 terminum
390 1240 682 1306 perfectionis
704 1242 994 1304 pervenerim
1015 1258 1025 1287 :

187 1317 284 1369 Sed
304 1320 505 1368 maximo
530 1325 694 1367 conatu
716 1334 844 1366 curro
863 1354 878 1381 ,
904 1325 953 1366 ut
971 1354 983 1376 ‚
1012 1318 1050 1365 si
1072 1333 1162 1383 quo
1184 1315 1326 1366 modo
1347 1331 1508 1380 queam
1525 1349 1541 1377 ,
1574 1313 1684 1364 illud

118 1414 331 1464 assequar
348 1434 361 1461 ,
823 1386 832 1390 ’

189 1470 270 1524 Ad
293 1471 418 1539 quod
436 1510 449 1535 ,
478 1479 525 1521 et
549 1479 735 1536 propter
765 1469 888 1535 quod
930 1465 1136 1521 Christus
1171 1489 1246 1522 me
1270 1471 1518 1537 fugientem
1555 1472 1683 1537 quasi

119 1571 258 1605 manu
282 1551 362 1602 sua
384 1549 700 1618 apprehendit.

189 1629 372 1682 Fratres
389 1633 482 1681 mei
502 1669 517 1693 ‚
536 1647 621 1695 ego
640 1645 734 1679 non
750 1629 940 1679 arbitror
959 1627 1083 1695 quod
1108 1629 1436 1694 perfectionem
1451 1638 1680 1680 assecutus

121 1710 401 1759 sim:unum
432 1717 583 1758 autem
621 1725 706 1772 ago
727 1744 742 1769 ‚
777 1707 945 1758 scilicet
981 1707 1257 1759 obliviscens
1293 1711 1548 1774 praeterssa,
1576 1724 1678 1773 quae

120 1789 242 1835 retro
261 1792 393 1843 sunt,
419 1783 477 1834 ad
498 1802 551 1834 ea
572 1789 683 1834 vero
709 1801 809 1850 quae
831 1792 937 1834 ante
959 1801 1035 1834 me
1048 1794 1152 1835 sunt
1171 1822 1184 1847 ‚
1208 1804 1289 1836 seu
1308 1789 1333 1834 a
1358 1784 1534 1850 fronte,
1569 1804 1679 1837 me-

118 1865 270 1927 ipsum
297 1863 554 1932 extendens
572 1899 585 1922 ‚

189 1935 272 1988 Ad
297 1956 485 2004 scopum
523 1939 781 1999 contendo,
807 1945 857 1986 ut
891 1939 1129 2001 praemium
1158 1939 1420 2000 obtineam,
1462 1939 1519 1989 ad
1557 1940 1683 2006 quod

122 2015 455 2080 assequendum
481 2020 676 2082 superne
694 2023 881 2065 vocatus
902 2031 1002 2064 sum
1022 2018 1047 2063 a
1066 2012 1188 2077 Deo,
1207 2033 1288 2082 per
1315 2014 1484 2067 Christi
1504 2020 1681 2068 merita.

193 2089 484 2159 Quicumque
518 2111 628 2158 ergo
670 2092 960 2160 perfectionis
986 2094 1177 2145 studiosi
1203 2112 1358 2145 sumus
1375 2133 1391 2159 ‚
1419 2095 1510 2147 hoc
1532 2099 1682 2162 ipsum

121 2172 182 2222 de
207 2173 344 2221 nobis
376 2173 622 2221 sentiamus
656 2191 667 2222 ε
709 2180 755 2221 et
797 2174 834 2221 si
871 2173 980 2236 quid
1011 2172 1135 2222 aliter
1171 2174 1351 2239 sapitis,
1398 2191 1533 2239 spero
1556 2175 1681 2242 quod

119 2247 251 2300 Deus
274 2250 494 2301 revelabit
512 2252 647 2301 vobis
672 2251 798 2302 idem
818 2270 999 2302 mecum
1023 2269 1122 2302 esse
1141 2252 1450 2302 sentiendum.

185 2354 378 2407 Interim
402 2374 516 2419 rogo
537 2365 586 2406 ut
609 2359 658 2407 in
698 2376 754 2409 eo
779 2357 837 2408 ad
866 2359 990 2425 quod
1022 2359 1341 2422 pervenimus,
1373 2356 1498 2406 idem
1533 2358 1681 2429 sapia·

121 2450 251 2494 mus,
279 2440 323 2483 et
348 2434 396 2482 in
421 2432 584 2482 eadem
609 2448 955 2499 permaneamus
982 2433 1134 2498 regula
1160 2433 1414 2498 (doctrinae
1437 2433 1608 2483 scilicet
1636 2441 1682 2483 et

124 2512 232 2562 viiae

190 2511 448 2639 lignatores
472 2582 564 2636 mei
581 2592 727 2635 estote
745 2620 759 2647 ‚
787 2594 832 2636 et
848 2591 1018 2637 attente
1039 2586 1322 2636 considerate
1341 2603 1420 2636 eos
1445 2587 1520 2653 qui
1542 2587 1682 2636 vitam

122 2664 295 2716 ducunt
313 2669 438 2730 juxta
455 2663 688 2731 exemplar
706 2663 829 2729 quod
854 2681 938 2728 ego
958 2667 1093 2715 vobis
1114 2667 1305 2732 praebni.

189 2773 306 2826 Sunt
327 2779 451 2828 enim
471 2779 597 2828 multi
623 2778 699 2842 qui
720 2776 855 2842 longe
882 2777 1009 2828 aliter
1043 2778 1292 2841 incedunt,
1319 2796 1432 2846 quos
1454 2794 1577 2846 saepe
1598 2796 1683 2828 co-

37 2866 47 2876 ·
122 2868 220 2902 ram
255 2853 390 2903 vobis
417 2854 661 2920 appellavi,
686 2870 807 2903 nunc
846 2861 892 2904 et
926 2852 1042 2905 tlens
1070 2872 1220 2905 rursus
1263 2854 1441 2921 appello
1476 2858 1685 2906 inimicos

123 2932 267 2981 erucis
290 2927 488 2991 Christi;
