1800 3158
188 82 293 148 418
397 100 568 138 Parma
600 100 863 140 musrofflz
899 104 972 140 An
1005 70 1524 152 Tuasssmmnffis

193 176 330 225 nibus
354 177 716 243 corrumpendi,
741 186 818 228 aut
839 196 925 229 vos
948 180 1055 231 dolo
1079 189 1190 245 ‚aut
1205 168 1363 235 fraude
1380 184 1536 252 aliqua
1552 190 1760 242 eircum-

191 253 432 303 veniendi.
878 277 888 286 ·

261 325 458 394 Vulgata
480 338 662 393 nostra,
690 350 774 398 per
798 336 1057 401 particulam
1083 338 1166 400 de,
1195 341 1432 391 materiam
1456 345 1607 408 potius
1640 362 1760 396 con-

191 409 340 459 cionis
379 409 644 474 significat:
679 411 890 477 nonfuit
921 415 979 463 de
1014 432 1196 476 errore,
1224 433 1313 467 seu
1332 419 1611 485 imposta-35
1648 421 1759 474 falsa

189 487 402 553 dogmata
445 505 543 538 non
584 488 746 553 docui,
787 494 902 542 sicut
938 491 1234 559 philosophi,
1263 511 1361 546 non
1403 498 1604 561 impura
1597 532 1613 560 ‚
1641 500 1758 551 sicut

187 561 473 626 Simoniani3
503 582 600 615 non
637 566 830 630 dolosa,
871 571 1050 620 utilitati
1076 580 1247 623 nostrae
1274 573 1470 625 subdole
1502 583 1755 645 venantes,

185 648 235 692 ut
252 642 644 709 pseudoapostoli.

255 715 377 771 Non
420 720 484 771 fui
519 723 767 788 impostor,
796 741 891 773 non
924 725 1142 776 obscoena
1178 725 1345 789 docui,
1379 745 1477 778 non
1512 727 1756 779 utilitatem

183 814 337 849 meam
358 801 407 848 in
429 796 668 864 Evangelii
695 801 1014 865 praedicatione
1035 802 1227 854 subdole
1250 808 1460 870 quaesivi.

252 873 596 942 Argumentum
637 895 763 928 verae
799 880 1029 944 religionis
1085 890 1155 932 est
1194 884 1408 934 sanctitas
1457 884 1677 978 doctrinm
1706 893 1756 935 et

183 956 352 1020 puritas
380 957 502 1005 vitae.

253 1029 376 1083 Pura
403 1040 556 1083 autem
594 1031 678 1082 fuit
711 1042 755 1084 et
784 1034 939 1084 divina
961 1035 1166 1086 doctrina
1183 1045 1339 1088 nostra
1358 1076 1374 1103 ‚
1401 1055 1540 1104 purus
1557 1047 1603 1091 et
1626 1039 1754 1094 divi-

180 1129 267 1170 nus
287 1110 370 1161 fuit
394 1119 551 1162 noster
571 1111 845 1176 praedicandi
866 1115 1059 1163 animus.

246 1183 307 1242 Ῠ.
327 1189 376 1250 4.
395 1184 492 1238 Sed
507 1193 629 1239 sicut
646 1192 904 1254 probati....

246 1263 435 1334 Quippe
457 1267 800 1333 praedicavimus
817 1304 830 1327 ‚
859 1277 908 1318 ut
927 1269 1059 1320 decet
1081 1286 1324 1335 praecones
1346 1273 1373 1321 a
1394 1267 1507 1321 Deo
1534 1271 1752 1336 probatos

179 1342 307 1394 etad
329 1343 379 1393 id
399 1360 564 1393 munus
592 1343 764 1394 electos
783 1351 828 1393 ct
847 1346 1029 1395 missos.

168 1438 186 1456 x
255 1416 649 1480 Praedicavimus‚
679 1422 890 1485 inquam,
916 1438 1011 1471 non
1033 1430 1082 1471 ut
1106 1422 1323 1474 humanae
1349 1426 1600 1476 serviamus
1616 1428 1755 1493 cupi-

171 1500 332 1563 ditati3
359 1502 444 1553 sed
471 1510 520 1553 ut
553 1501 721 1553 divinae
743 1502 999 1567 placeamus
1024 1505 1278 1570 majestati,
1309 1506 1515 1559 cordium
1548 1515 1747 1559 nostro-

173 1598 278 1633 rum
312 1582 589 1647 inspectrici.

244 1651 302 1711 3⁵.
322 1657 380 1720 5,
406 1657 455 1710 6.
483 1658 646 1723 Neque
674 1659 798 1707 enim
815 1660 1143 1724 alzq..uando

237 1737 415 1792 Probat
437 1741 561 1807 quod
588 1737 894 1805 Evangelium
921 1743 1104 1790 sincere
1139 1749 1185 1790 et
1207 1758 1362 1791 coram
1387 1738 1496 1792 Deo
1519 1740 1752 1806 praediea-

172 1820 316 1878 verit,
346 1836 443 1869 non
486 1823 642 1871 animo
664 1818 933 1869 hominibus
972 1819 1221 1884 placendi,
1260 1827 1337 1869 aut
1370 1835 1467 1870 suae
1508 1819 1751 1885 cupiditati

170 1897 422 1948 serviendi.

105 2031 108 2034 ,
237 1972 290 2026 Si
315 1975 582 2027 hominibus
604 1976 780 2042 placere
810 1974 1086 2025 studuissem
1105 2011 1118 2034 ‚
1157 1973 1417 2024 adulatoriis
1447 1975 1739 2024 sermonibus

167 2070 277 2104 usus
299 2052 488 2104 fuissem
514 2072 526 2102 :
565 2072 651 2104 vos
676 2061 828 2103 autem
855 2055 939 2118 ipsi
968 2060 1107 2103 testes
1135 2055 1243 2103 estis
1272 2051 1398 2119 quod
1434 2051 1745 2102 assentatoriis

171 2132 329 2183 verbis
353 2147 587 2196 nunquam
610 2148 716 2181 usus
739 2129 921 2187 fuerim.

242 2204 293 2258 Si
314 2209 363 2258 in
387 2204 630 2273 Evangelii
650 2207 976 2273 praedicatione
999 2205 1232 2271 cupiditati
1262 2205 1437 2254 servire
1459 2201 1707 2253 voluissem
1723 2238 1738 2262 ‚

172 2281 404 2344 maxime,
432 2283 508 2334 vel
529 2283 790 2333 divitiarum
808 2319 822 2345 ‚
851 2283 924 2333 vel
947 2283 1106 2347 gloriae-
1124 2280 1371 2346 cupiditati.

240 2360 398 2414 Deum
418 2370 570 2412 autem
599 2370 765 2412 testem
782 2362 963 2428 appello
983 2361 1112 2425 quod
1129 2377 1218 2410 nec
1241 2359 1442 2409 avaritiae
1461 2357 1636 2422 studui,
1654 2373 1743 2409 nec

171 2442 357 2509 gloriae,
378 2459 510 2509 quam
537 2458 624 2492 nec
646 2447 670 2492 a
697 2444 832 2492 vobis
848 2482 862 2505 ‚
892 2459 981 2492 nec
995 2443 1052 2493 ab
1071 2441 1167 2491 aliis
1193 2440 1399 2505 quaesivi.

239 2518 685 2572 Thessalonicenses
713 2528 853 2570 testes
879 2520 1069 2586 appellat
1093 2517 1216 2587 quod
1236 2535 1334 2568 non
1354 2515 1490 2567 fuerit
1513 2515 1738 2577 adulatus,

174 2601 279 2666 quia
307 2617 379 2650 res
403 2608 593 2650 externa
612 2635 625 2660 ‚
666 2598 725 2648 de
760 2598 846 2666 qud
867 2599 1082 2650 homines
1106 2597 1332 2648 testificari
1362 2602 1550 2662 possunt
1573 2611 1588 2642 ε
1619 2597 1743 2644 sicut

119 2722 137 2732 .
173 2680 321 2728 scitis.

243 2762 386 2828 Quod
411 2768 523 2815 vero
544 2767 747 2815 avaritiae
772 2773 845 2815 aut
859 2765 1092 2830 superbiae
1114 2764 1269 2813 animo
1293 2772 1388 2810 non
1405 2759 1737 2826 praedicaverit.

168 2842 328 2896 Deum
362 2847 513 2908 ipsum
541 2853 707 2896 testem
741 2845 964 2907 advocat,
993 2846 1099 2909 quia
1122 2843 1317 2892 intentio
1339 2839 1426 2891 soli
1458 2837 1565 2891 Deo
1591 2847 1700 2891 nota
1729 2857 1740 2886 z

174 2923 304 2973 Deus
325 2923 456 2972 testis
477 2931 564 2973 est.
