1800 3158
107 77 209 143 342
522 79 788 139 rems-'rorat
824 102 895 138 An
928 91 1269 139 conossunsus
1327 99 1329 101 ’

177 164 290 218 Hoc
311 177 465 219 contra
490 169 792 240 philosophos
821 170 1113 226 Simonianos
1129 210 1144 237 ‚
1171 175 1252 239 qui
1271 169 1555 240 Angelomm
1576 180 1683 233 enl-

112 253 209 296 tum
228 246 548 312 praedicabant.

161 322 463 391 Angelorum
486 337 648 395 caput,
681 347 765 380 1ex
790 339 836 382 et
858 327 1089 381 Dominus
1109 337 1179 380 est
1197 326 1485 383 Christus:-
1460 351 1572 413 ergo
1583 353 1682 405 prae

105 406 191 458 illis
210 407 483 460 adorandus.

174 482 325 551 Caput
346 496 554 539 nostrum
580 497 674 551 est,
701 491 758 539 de
790 490 924 556 cujus
938 492 1227 556 plenitudine
1246 510 1331 542 nos
1350 509 1509 543 omnes
1537 513 1680 546 acce-
1757 528 1764 536 -

23 612 29 617 .
102 566 260 630 pimus
276 581 300 623 ;
320 582 430 632 ergo
456 567 518 624 illi
537 570 752 618 continue
774 568 1000 619 debemus
1017 568 1241 620 inhaerere
1256 606 1268 629 ,
1301 571 1360 619 ab
1386 587 1444 621 eo
1464 575 1679 636 gratiam,

101 642 272 706 fidem,
301 646 603 709 sapientiam,
630 648 906 708 scientiam,
922 649 925 651 ’
949 647 1101 696 omnia
1129 645 1329 696 coelestia
1349 647 1471 698 dona
1493 658 1678 716 petere,

104 731 372 788 exspectare
391 731 436 774 et
463 726 686 790 recipere.

171 798 280 868 Ipse
315 801 437 851 solus
471 801 613 851 habet
653 801 987 866 plenitudinem
1027 792 1301 860 divinitatis,
1344 775 1678 868 plenitudinem

102 884 371 948 sapientiae,
395 885 636 953 scientiae!
663 892 779 934 etc.·
742 920 780 943 .‚
820 900 930 947 ergo
953 882 1177 934 debemus
1205 883 1262 932 ab
1301 884 1401 947 ipso
1428 885 1678 951 participa-

102 962 279 1012 tionem
308 962 515 1021 deitatis,
544 964 760 1028 gratiam,
782 960 981 1024 scilicet,
1003 963 1399 1028 participationem
1420 964 1675 1029 sapientiae,

104 1039 337 1102 scientiae,
362 1056 620 1104 omnesque
643 1040 824 1090 divitias
843 1038 1137 1106 plenitudinis
1160 1036 1413 1089 intellectus
1432 1076 1446 1100 ‚
1482 1039 1542 1090 de
1568 1043 1680 1105 qui-

64 1116 76 1124 *
101 1119 189 1167 bus
213 1113 280 1178 fi.
306 1137 355 1168 2.
380 1126 536 1184 petere
566 1125 613 1168 et
639 1125 926 1182 exspectare.

169 1193 348 1248 Cavete
366 1215 476 1263 ergo
500 1215 562 1248 ne
585 1200 683 1263 quis
706 1214 788 1247 vos
804 1234 816 1257 ,
843 1213 926 1261 per
948 1199 1134 1246 inanem
1163 1204 1208 1245 et
1242 1198 1431 1267 noxiam
1460 1195 1676 1260 philoso-

100 1274 260 1342 phiam
286 1276 523 1342 decipiens
539 1314 551 1338 ‚
577 1285 753 1327 avertat
777 1279 802 1325 a
826 1272 1010 1325 Christo
1034 1284 1079 1325 ut
1099 1276 1159 1326 ad
1182 1273 1390 1340 Angelos
1409 1285 1678 1329 convertat:

101 1355 276 1404 etenim
298 1356 323 1402 a
348 1352 476 1404 fonte
499 1371 583 1403 vos
608 1354 856 1404 abduceret
878 1359 927 1402 ut
951 1352 1009 1401 ad
1034 1351 1207 1402 rivulos
1225 1351 1496 1413 deduceret;
1521 1358 1548 1405 a
1571 1352 1680 1406 Do—

102 1430 232 1479 mino
254 1435 299 1479 et
318 1431 344 1478 a
363 1445 496 1493 rege,
527 1429 583 1479 ad
611 1428 818 1478 subditos
841 1436 884 1478 et
907 1445 1088 1479 servo3.

168 1497 227 1555 fi.
251 1522 272 1552 1
286 1523 328 1556 1.
359 1505 419 1554 In
435 1523 522 1570 quo
540 1515 584 1554 et
604 1506 874 1554 circumcisi
900 1504 1032 1554 estis.
1065 1521 1068 1524 ’

167 1580 269 1633 Hic
297 1590 451 1633 contra
487 1584 768 1646 judaizantes
786 1620 801 1645 ‚
834 1584 909 1648 qui
941 1583 1337 1632 circumcisionem
1357 1589 1404 1631 et
1423 1580 1677 1648 alialegalia

59 1723 66 1729 ι
96 1664 347 1728 urgebant,
378 1660 669 1713 christianam
695 1663 1092 1711 circumcisionem
1113 1660 1290 1710 extollit
1312 1678 1446 1726 supra
1466 1661 1673 1728 legalem.

163 1742 229 1797 In
252 1760 340 1807 quo
364 1749 409 1791 et
430 1759 510 1806 per
554 1759 693 1807 quem
720 1737 955 1791 Christum
976 1739 1248 1788 circumcisi
1244 1737 1434 1801 faristis·

172 1809 536 1889 circumcisione
553 1814 645 1870 non
659 1815 954 1883 manufactd
969 1853 987 1878 ,
1019 1834 1115 1867 non
1135 1818 1484 1868 circumcisione
1506 1836 1606 1884 quae
1624 1819 1674 1869 fit

95 1915 182 1967 per
201 1915 362 1950 manus
382 1897 642 1948 hominum.

108 2010 111 2012 -
162 1978 226 2028 In
249 1978 565 2043 expoliatione
583 1978 789 2039 corporis
812 1978 991 2034 carnis,
1021 1990 1121 2040 quae
1144 1975 1350 2024 consistit
1369 1975 1417 2023 in
1435 1975 1672 2024 excisione

91 2053 314 2122 pelliculae
340 2056 542 2118 corporis
560 2090 574 2115 ‚
603 2053 686 2103 sed
710 2052 925 2118 spirituali
968 2048 1138 2102 Christi
1176 2053 1525 2103 circumcisione
1542 2087 1556 2112 ,
1588 2066 1671 2100 seu

92 2132 344 2194 rejectione
374 2132 608 2180 vitiorum.

162 2201 319 2260 Graeci
335 2207 512 2272 legunt,
542 2209 888 2257 circumcisione
909 2223 1005 2256 non
1029 2223 1167 2255 manu
1197 2201 1310 2255 sacta
1334 2242 1348 2265 ‚
1377 2208 1425 2255 in
1446 2205 1670 2260 exutione

94 2291 299 2356 corporis
319 2293 610 2354 peccatorum
629 2287 774 2335 carnis
793 2321 807 2347 ,
830 2287 879 2334 in
905 2284 1250 2332 circumcisione
1277 2278 1465 2333 Christi.

162 2365 276 2434 Syr.
295 2366 641 2417 circumcisione
657 2367 756 2415 sine
774 2364 986 2414 manibus
1004 2360 1136 2427 facta,
1154 2366 1259 2412 cum
1275 2364 1465 2413 exuistis
1483 2378 1668 2414 carnem

93 2455 386 2515 peccatorum
413 2461 492 2511 per
512 2444 909 2494 circumcisionem
934 2439 1124 2492 Christi.

161 2524 342 2594 Estque
356 2541 537 2586 sensuS‚
559 2522 812 2573 secundum
834 2522 992 2574 divum
1015 2518 1422 2590 Chrysostomum‚
1443 2518 1668 2571 Theodo-

91 2614 242 2657 retum
276 2613 321 2655 et
355 2603 468 2653 alios
502 2617 707 2666 graecos.
730 2604 777 2651 in
801 2618 891 2668 quo
915 2603 1167 2651 circumcisi
1193 2603 1327 2663 estis,
1354 2616 1450 2650 non
1474 2596 1668 2650 externa

94 2682 439 2734 circumcisione
463 2695 566 2744 quae
585 2679 636 2728 fit
663 2679 875 2728 manibus
896 2677 1138 2728 hominum
1166 2678 1239 2736 (et
1266 2693 1370 2743 quae
1391 2678 1596 2727 consistit
1620 2678 1668 2726 in

92 2759 321 2819 ablatione
340 2762 518 2824 exiguae
538 2759 738 2825 corporis
762 2756 1029 2823 pelliculae),
1054 2756 1138 2807 sed
1162 2755 1378 2823 spirituali
1401 2764 1447 2807 et
1471 2753 1628 2806 divina
1645 2790 1659 2814 ‚
1688 2818 1696 2824 ·
1772 2772 1800 2818 [a

91 2837 218 2900 cujus
239 2842 393 2886 auctor
411 2842 480 2885 est
501 2831 710 2886 Christus
729 2843 771 2885 et
794 2831 882 2901 qua
898 2841 1044 2885 totum
1059 2840 1352 2899 peccatorum
1375 2848 1555 2898 corpus,
1580 2845 1663 2881 seu

95 2920 218 2965 touts
238 2911 382 2965 homo
400 2921 531 2967 vetus
553 2912 802 2980 deponitur
823 2920 868 2963 et
893 2914 1089 2962 exuitur.
1665 2933 1667 2935 >

1775 2770 1800 2863 ’ᾇ
