1806 3164
484 77 726 135 ,rnrnssx
743 70 1045 130 'expositio
1084 60 1201 128 cop.
1239 57 1332 111 VI.
1603 63 1695 116 181

119 156 267 207 omni
290 152 433 204 modo
446 189 461 215 ‚
481 158 682 203 nostram
698 151 854 213 quaerit
874 150 1121 214 perniciem
1136 185 1151 210 ,
1170 157 1219 198 ut
1239 149 1411 200 dictum
1432 157 1520 214 est,
1542 143 1600 202 fi.
1623 169 1644 202 1
1660 170 1702 202 r.

207 227 339 281 Hinc
361 229 490 278 omni
512 234 745 292 tempore4
771 227 821 274 in
847 227 974 274 omni
1002 224 1133 288 loc0‚
1163 231 1290 276 omni
1316 227 1456 277 modo
1473 265 1487 289 ‚
1526 238 1704 279 menta-

137 307 266 367 liter,
297 298 531 365 vocaliter,
557 310 647 353 etc.
663 338 676 363 ‚
705 302 929 352 debemus
956 320 1113 363 orare,
1141 305 1189 353 ιή
1211 306 1374 368 spiritu
1403 314 1449 353 et
1471 307 1666 355 veritate
1682 341 1702 368 ,

142 384 284 436 eorde
309 386 419 433 vere
456 380 694 446 religioso,
724 388 770 430 et
793 383 841 430 in
866 376 1018 429 Deum
1057 382 1157 443 pio,
1181 386 1292 430 vere
1314 381 1475 432 humili
1502 391 1548 432 et
1569 401 1707 435 reve-

141 461 286 512 renti.

220 541 488 608 Vigilantes
507 543 556 592 in
579 544 667 592 hoc
678 544 850 608 ipsum,
868 550 915 592 ut
935 560 1013 592 cor
1027 545 1083 593 sit
1104 547 1212 594 vere
1230 546 1352 609 pium
1368 553 1412 595 et
1429 546 1706 611 religiosum,

145 639 246 672 non
273 622 534 670 distractum
560 629 604 670 et
625 637 718 669 non
742 619 963 684 tepidum.

218 698 474 758 Ῑηείαηίεν,
493 714 597 747 cum
618 696 800 747 fervore
818 706 862 747 et
886 698 1238 761 perseverantia.

220 782 452 835 Charitate
480 782 589 849 pura
607 822 622 846 ‚
659 784 898 834 universali
924 803 933 830 :
958 801 1039 848 pro
1060 787 1272 834 omnibus
1292 788 1456 835 sanctis
1474 786 1709 837 militanti--

151 860 240 911 bus
262 879 274 909 z
303 878 383 925 pro
405 859 500 910 tota
518 858 724 911 Ecclesia
740 863 986 918 militante;
1011 863 1055 908 in
1079 865 1404 913 communione
1425 872 1709 926 sanctorum,

153 951 236 1000 per
249 932 412 984 Jesum
433 928 698 998 Christum,
723 933 941 986 Sanctum
959 943 1236 999 sanctorum,
1259 941 1485 1004 totiusque
1502 936 1717 991 Ecclesiae

156 1017 310 1076 caput.
395 1032 398 1034 ·

224 1090 284 1148 Ῠ.
311 1113 388 1164 ¹9·
411 1095 475 1143 Ec
491 1113 578 1160 pro
598 1113 688 1146 me.
709 1092 834 1146 Ecce
851 1135 864 1159 ‚
891 1099 1036 1162 inquit
1060 1094 1248 1147 Grotius
1267 1097 1436 1162 (quem
1454 1105 1543 1151 cito
1564 1109 1719 1151 contra

158 1167 428 1222 Calvinistas
442 1172 484 1234 )‚
512 1175 666 1237 quanti
705 1170 870 1223 Paulus
896 1192 1053 1240 preces
1091 1178 1267 1240 piorum
1305 1175 1408 1226 fecit
1431 1196 1441 1225 :
1484 1181 1589 1227 cum
1615 1179 1684 1228 ille
1702 1216 1718 1242 ,

159 1257 300 1300 tantae
316 1251 438 1315 apud
457 1249 612 1301 Deum
632 1255 789 1316 gratiae
809 1290 823 1315 ‚
868 1263 1021 1319 speret
1055 1270 1105 1302 se
1126 1253 1313 1302 aliorum
1343 1258 1551 1319 precibus
1586 1273 1721 1321 posse

159 1328 397 1391 adjuvari;
425 1335 475 1379 et
509 1347 595 1379 nos
630 1333 951 1380 aestimabimus
989 1330 1116 1381 Pauli
1155 1350 1256 1381 cum
1287 1329 1469 1383 Christo
1493 1338 1721 1401 regnantis

163 1422 325 1470 preces
348 1404 461 1455 nihil
485 1408 617 1456 nobis
649 1407 890 1472 prodesse!
919 1407 1017 1457 haec
1040 1411 1193 1456 omnia
1222 1404 1430 1471 Grotius,
1458 1409 1551 1460 hic.

233 1496 298 1544 Et
326 1513 411 1559 pro
435 1513 539 1553 me,
570 1495 791 1544 orandum
821 1499 1041 1562 praecipue
1085 1505 1128 1546 et
1153 1497 1475 1560 particulariter
1495 1516 1577 1564 pro
1599 1515 1724 1565 prae-

162 1570 262 1621 latis
279 1608 294 1634 ,
324 1572 608 1636 pastoribus,
635 1570 870 1638 Apostolis
889 1581 934 1622 et
963 1573 1358 1623 concionatoribus
1375 1610 1389 1634 ‚
1419 1577 1724 1642 omnibusque

163 1645 386 1700 Ecclesiae
427 1652 668 1711 ministris,
699 1659 746 1699 ut
790 1649 915 1701 Deus
948 1655 1043 1717 ipse
1084 1651 1260 1701 illorum
1299 1669 1349 1701 os
1387 1656 1582 1717 aperiat,
1629 1671 1725 1703 non

164 1729 355 1776 ambitio
375 1762 390 1788 ,
419 1744 513 1776 non
537 1729 742 1788 avaritia,
776 1738 863 1779 etc.
892 1730 969 1779 det
1010 1730 1092 1779 illis
1116 1729 1283 1789 verba,
1309 1747 1497 1793 sensus,
1525 1731 1719 1792 modos,

164 1805 450 1856 subditorum
471 1812 518 1853 et
534 1804 788 1854 auditorum
809 1807 936 1856 saluti
956 1823 1198 1871 congruos,

241 1889 338 1941 Det
359 1891 442 1940 illis
465 1899 664 1940 sanctam
705 1908 863 1941 verum
904 1892 1084 1942 dicendi
1111 1892 1370 1940 libertatem*
1402 1900 1448 1941 et
1474 1891 1687 1942 fiduciam
1711 1909 1726 1940 ε

170 1965 405 2030 legationis
421 1983 502 2030 pro
523 1963 706 2016 Christo
723 1984 886 2016 munus
908 1968 1042 2033 digne
1062 1968 1180 2017 adim
1186 1968 1356 2033 pleant5
1379 1967 1515 2033 idque
1537 1970 1723 2033 inipso,

171 2045 218 2092 in
245 2040 416 2093 Christi
435 2046 608 2109 spiritu.

239 2114 298 2173 35⁷.
327 2139 407 2179 κιο.
433 2121 525 2169 Pro
553 2140 640 2185 quo
676 2123 916 2184 legatione.
947 2120 1056 2188 Syr.
1079 2125 1203 2185 cujus
1235 2123 1460 2188 legatione
1493 2123 1654 2189 fungor
1681 2127 1729 2175 in

172 2200 344 2248 catenis
361 2235 376 2261 ‚
401 2207 450 2248 ut
473 2217 574 2249 cum
597 2198 758 2249 fiducia
781 2200 965 2267 eloquar
985 2201 1089 2250 illud
1105 2237 1119 2262 ‚
1138 2208 1272 2265 prout
1294 2210 1472 2266 oportet
1494 2201 1661 2266 eloqui.

209 2327 212 2329 ,
242 2272 314 2337 Y.
336 2294 417 2326 21.
447 2278 510 2326 Ut
529 2287 684 2326 autem
712 2288 758 2327 et
780 2297 916 2330 vos...

204 2408 206 2412 ,
244 2350 376 2403 Hinc
398 2353 617 2418 colligitur
637 2354 756 2405 hanc
773 2357 1009 2421 epistolam
1031 2373 1111 2421 per
1133 2353 1394 2421 Tychicum
1418 2357 1574 2409 latam..

186 2490 189 2492 .
245 2435 314 2501 Y.
341 2454 424 2500 22.
450 2440 600 2505 Quem
618 2444 775 2494 misi...
792 2454 839 2493 et
862 2446 1118 2495 consoletur
1134 2444 1273 2493 corda
1300 2454 1474 2506 vestra,
1499 2446 1561 2494 ob
1581 2461 1731 2495 meam

176 2524 383 2568 mtenam
410 2519 548 2567 tristia
567 2529 613 2570 et
635 2521 834 2573 sollicita.

177 2678 204 2727 f
245 2598 305 2656 Ϊ.
345 2604 425 2655 23.
455 2604 873 2669 Paxsmtribus....
901 2626 990 2674 pax
1014 2618 1061 2659 et
1096 2610 1337 2659 concordia
1360 2612 1419 2660 sit
1453 2617 1497 2659 et
1523 2617 1735 2675 augeatur

199 2683 404 2730 ratribus.

251 2755 314 2802 Et
334 2756 540 2804 clem-ilas
563 2756 778 2819 fraterna,
806 2762 926 2823 pacis
956 2762 1245 2824 principium.

255 2839 372 2890 Cum
379 2839 515 2905 fide,
539 2841 766 2893 charitatis
786 2844 1097 2899 fundamento,
