1800 3158
468 100 684 153 'ruteni-:x
713 99 995 136 Exposmo.
1031 84 1148 149 Cap,
1183 79 1235 135 Ι.
1533 81 1630 133 311

0 168 13 190 ³
78 173 287 234 sensibus
299 211 314 236 ‚
344 182 400 227 ut„
416 171 545 228 Deus
561 177 627 230 eis
644 172 896 239 supradicta
910 172 1158 233 concedat,
1197 174 1264 223 sic
1281 188 1406 223 nunc
1426 187 1509 236 pro
1521 171 1630 236 ipsis

1 246 4 252 ¹
77 249 187 303 Deo
226 253 386 319 gratias
411 255 500 318 agit
521 259 705 318 propter
730 249 883 301 collata
906 253 971 300 eis
990 250 1231 301 beneficia.

147 324 227 377 Si‘c
243 336 395 378 autem
417 331 576 392 gratias
598 331 719 392 agit,
742 335 791 377 ut
811 330 1066 390 ingressum
1086 327 1174 376 sibi
1199 322 1331 375 saciat
1359 322 1417 374 ad
1439 321 1486 373 id
1500 321 1631 389 ¹quod

79 407 306 471 praecipue
333 406 528 456 intendit
547 409 594 456 in
612 404 697 455 hac
726 403 912 469 epistolii
929 443 943 467 ‚
967 405 1135 455 scilicet
1154 441 1168 466 ‚
1193 420 1426 469 exponere
1448 408 1494 452 et
1516 418 1632 450 con-

78 483 260 534 firmare
279 484 588 549 evangelicam
610 483 668 533 de
689 479 877 532 Christo·
897 482 1117 532 salvatore
1143 482 1393 532 doctrinam
1406 516 1423 542 ,
1445 487 1491 530 et
1520 477 1632 529 hae-

84 562 327 611 r'eticorum
351 578 525 611 errores
551 559 756 610 refutare.

148 635 260 688 Non
282 655 507 688 cessamus
528 637 858 701 itaque‘gratias
891 637 1023 700 agere
1055 633 1158 685 De‘o
1184 633 1337 694 Patri,
1370 634 1446 699 qui
1473 649 1556 682 vos
1583 640 1629 682 et

80 733 196 775 nos,
224 733 384 765 omnes
407 713 685 766 Christianos
702 755 716 777 .,
748 716 848 765 licet
882 717 1159 775 immeritos,
1191 722 1350 779 utpote
1374 729 1480 763 suos
1507 712 1631 776 prius

79 795 288 843 inimicos
305 830 320 856 ‚
354 793 461 843 solat-
477 792 555 844 sua
586 794 748 859 gratia,
774 793 934 855 dignos
940 789 1068 856 fecit
1091 795 1166 858 qui
1193 794 1241 841 in
1266 790 1416 840 album
1440 794 1631 847 sancto÷

79 887 181 920 mm
200 873 524 922 ascriberemur
541 910 552 932 ‚
585 881 629 922 et
661 870 819 920 effidem
838 870 1040 920 cumillis
1066 863 1348 920 haeredita'te'
1365 865 1630 916 frueremur.

151 949 212 997 In
233 951 430 1010 lumine,
462 952 595 1017 aliqui
616 951 866 1014 intelligunt
893 949 951 999 de
974 950 1129 999 medio
1166 966 1255 1015 quo
1290 947 1346 997 ad
1371 953 1630 995 sanctorum

84 1032 258 1075 sortem
283 1028 395 1087 itur,
428 1028 595 1077 scilicet
612 1064 625 1089 ‚
650 1044 730 1091 per
755 1026 908 1075 lumen
930 1026 1055 1076 fidei.
1599 1064 1612 1086 -.

147 1098 242 1151 Alii
274 1103 523 1169 intelligunt
545 1105 603 1154 de
634 1101 733 1169 ipsa
763 1105 1022 1153 sanctorum
1051 1110 1194 1162 sorte,
1237 1117 1339 1167 quae
1366 1103 1452 1150 sita
1478 1098 1627 1153 estin

77 1179 284 1240 tumim,
310 1179 423 1230 clara
442 1179 532 1231 Dei
555 1183 749 1230 visione.
1169 1243 1171 1247 .

146 1252 310 1306 Potest
337 1266 497 1307 autem·
512 1258 571 1308 de
590 1258 992 1323 utroqueintelligi
1009 1294 1022 1318 ,
1058 1255 1116 1305 de
1141 1256 1309 1305 lumine
1329 1253 1499 1304 scilicet
1520 1251 1630 1302 fidei

79 1334 129 1381 in
147 1335 312 1395 terris,
338 1342 386 1384 et
403 1335 462 1385 de
480 1335 646 1386 lumine
667 1336 820 1401 gloriae
843 1336 1045 1386 in-coelis
1069 1353 1080 1384 ε
1105 1333 1528 1400 utrumquelumen
1550 1337 1629 1380 :est

80 1416 128 1459 et*
145 1425 244 1459 sors
265 1420 539 1464 sanctorum.

149 1483 256 1536 Sors
271 1497 456 1538 vocatur
478 1489 718 1538 haereditas
735 1527 748 1551 ‚
773 1488 885 1538 cur?
905 1485 1026 1538 Vide
1045 1484 1222 1553 Ephes.
1250 1507 1295 1537 ι.
1314 1479 1371 1539 fi.
1400 1504 1419 1535 1
1434 1503 1477 1535 1.

124 1560 444 1627 Y.13.{()ui
458 1568 624 1628 cripuit
642 1584 725 1613 nos
747 1566 804 1612 de
819 1574 1046 1629 potestate
1062 1567 1352 1613 tenebrarum
1368 1600 1386 1623 ,
1411 1563 1458 1613 id
1472 1570 1541 1612 est
1562 1598 1575 1622 ,
1600 1566 1627 1612 ὲ

75 1637 319 1701 tyrannide
341 1640 601 1689 daemonum
617 1677 629 1700 ‚
655 1642 730 1707 qui
750 1646 858 1689 sunt·
871 1641 1097 1705 principes
1124 1641 1414 1688 tenebrarum
1435 1657 1445 1685 :
1466 1637 1523 1686 ab
1545 1639 1626 1686 in-

76 1711 290 1779 fidelitate
309 1723 356 1763 et
375 1719 399 1763 a
421 1725 622 1780 peccato.

145 1788 296 1843 Vobis>
308 1793 656 1845 dominabantur
671 1797 921 1860 ignorantia
934 1832 947 1856 ‚
968 1794 1213 1844 idololatria
1231 1832 1246 1857 ‚
1267 1798 1417 1851 omnia
1434 1794 1623 1858 scelera,

75 1866 271 1919 daemont
285 1873 412 1936 ipse,
448 1874 732 1922 tenebrarum
763 1876 974 1937 princeps
999 1874 1086 1921 :ab
1122 1871 1209 1922 hac
1234 1891 1317 1923 vos
1343 1877 1506 1941 eripuit
1541 1882 1626 1941 ty-

75 1941 280 1993 rannide.

143 2019 208 2069 Et
224 2024 463 2074 transtulit
477 2025 524 2072 in
540 2043 728 2087 regnum
745 2028 866 2075 Filii
881 2026 1138 2075 dilectionis
1154 2045 1268 2078 suoe.

142 2092 246 2147 Filii
269 2099 520 2150 dilectionis
543 2122 552 2148 :
578 2102 860 2152 hebraismus
884 2110 981 2164 est,
1004 2105 1118 2153 sicut
1136 2121 1271 2154 mons
1296 2105 1558 2156 sanctitat-is.

143 2168 359 2242 Regnum
398 2170 601 2237 Christi3
628 2183 705 2244 qui
730 2180 805 2229 lux
833 2188 934 2242 est,
959 2197 1157 2244 regnum*
1174 2188 1242 2230 est
1267 2180 1406 2237 lucis:
1429 2196 1622 2245 regnum

73 2247 264 2313 diabolis,
276 2270 471 2317 ,regnum
488 2258 775 2307 tenebrarum
795 2276 806 2306 ε
825 2261 850 2307 a
866 2260 1065 2309 tenebris
1082 2276 1190 2326 ergo
1211 2259 1430 2311 transtulit
1463 2275 1548 2318 vos
1564 2257 1623 2327 ad

73 2323 249 2387 lucem,
273 2328 331 2377 ad
353 2345 543 2393 regnum
566 2333 781 2385 lucidum.
804 2380 807 2382 .
1029 2349 1034 2352 ·

144 2399 273 2456 Haec,
292 2407 516 2458 translatio
544 2428 626 2474 per
647 2413 919 2478 baptismum
939 2414 1051 2464 facta
1072 2422 1164 2476 est,
1194 2432 1286 2482 quo
1305 2419 1332 2466 ὲ
1350 2413 1513 2464 diaboli
1529 2413 1621 2479 poa

74 2486 236 2549 testate
256 2488 400 2549 erepti
410 2524 429 2548 ,,
453 2489 690 2539 inserimur
710 2493 902 2556 mystico
925 2496 1129 2558 corpori,
1148 2512 1229 2546 seu
1249 2491 1506 2557 Ecclesiae,
1522 2509 1623 2560 quae

72 2557 184 2611 lucis
203 2570 275 2613 est
294 2581 501 2631 regnum.

141 2633 211 2698 Y.
233 2639 312 2701 14.
334 2641 393 2690 In
419 2661 505 2707 qno
528 2644 751 2692 habemus
761 2645 1151 2712 redemptionem..

143 2717 239 2772 Per
258 2741 393 2788 quem
415 2723 586 2777 Filium
609 2726 833 2795 redempti
853 2747 1031 2794 sumuS‚
1070 2735 1284 2788 nimirum
1321 2750 1403 2799 per
1433 2735 1622 2799 sangui-

75 2813 184 2846 nem
209 2815 368 2862 suum,
406 2820 540 2867 quem
570 2807 616 2853 in
647 2805 808 2871 lytrum
837 2825 915 2858 seu
944 2812 1138 2873 pretium
1169 2811 1330 2862 obtulit
1348 2846 1352 2854 -
1372 2829 1452 2878 pro
1487 2813 1621 2863 nobis

74 2867 201 2923 Patri
225 2890 307 2924 suo
322 2911 335 2938 ,
360 2880 473 2928 etin
502 2896 592 2944 quo
615 2883 829 2945 sanguine
849 2892 1031 2947 peccata
1052 2893 1206 2936 nostra
1227 2886 1352 2940 lavit.
