1800 3158
1558 22 1584 58 ἴς

149 129 253 200 370
432 158 439 165 ’
454 170 460 177 .
564 146 829 186 Ems'roLAE
864 151 934 188 An
969 148 1322 194 GOLOSSEN'sEs

178 215 271 268 Si
285 213 491 271 molestia
507 218 769 283 afficimini,
790 225 829 272 si
848 225 957 289 quid
979 227 1278 280 dissensionis
1293 232 1425 282 inter
1431 245 1521 284 vos
1537 236 1737 301 ιεάᾶειῐ,

151 299 319 347 victrix
352 300 409 348 sit
439 316 535 349 non
573 302 668 362 ira,
701 318 807 351 non
839 303 1086 369 cupiditas,
1127 324 1223 356 non
1257 309 1499 391 superbia,
1534 311 1634 362 sed
1635 329 1738 382 pax

154 375 413 427 christiana.

224 450 367 516 Quasi
394 454 598 511 diceret:
614 454 760 507 Paci'
748 461 971 524 imprimis
996 460 1196 524 studete,
1227 480 1389 528 pacem
1413 442 1630 518 omnibus
1646 484 1737 518 an-

154 536 382 600 teponite.

222 609 287 662 Et
321 612 398 664 hic
440 631 601 665 sensus
632 615 915 667 conformior
951 617 1129 668 videtur
1162 620 1550 682 praecedentibus.
1583 618 1742 689 Super

153 693 317 740 omnia
334 701 496 742 autem
519 694 672 745 hoec...
697 694 975 745 conformior
998 705 1066 746 est
1090 705 1134 746 et
1157 694 1364 763 Vulgatae
1381 709 1583 751 nostrae:
1597 703 1736 752 exul-
1793 747 1798 759 2

153 774 244 827 iet,
282 767 453 819 scilicet
472 804 486 828 ,
514 772 679 820 victrix
714 779 758 821 et
785 771 1101 838 triumphatrix
1134 773 1192 823 de
1225 777 1351 824 omni
1376 783 1473 826 tum
1496 781 1737 844 passione,
1787 764 1800 829 >f

152 853 250 896 tum
272 849 525 912 interesse,
552 866 633 899 seu
661 853 848 916 proprio
871 850 1138 900 commodo·

223 920 356 975 Alter
376 942 565 987 sensuS,
602 945 693 992 pax
720 931 779 978 sit
809 930 936 994 quasi
961 930 1178 978 brabeuta
1207 932 1253 978 in
1287 931 1504 982 cordibus
1529 935 1694 984 vestris
1723 954 1738 984 :

152 1003 211 1052 sit
231 1004 372 1054 instar
394 1005 557 1067 judicis
581 1020 779 1070 agonum
797 1044 810 1067 ,
835 1010 977 1071 justus
998 1011 1258 1058 certaminis
1280 1010 1464 1062 arbiter.

223 1076 272 1130 Si
292 1098 377 1146 qua
395 1083 511 1132 inter
528 1100 612 1132 vos
633 1083 683 1133 lis
702 1120 716 1146 ,
741 1084 969 1134 dissensio
987 1123 1001 1148 ,
1024 1093 1254 1135 certamen
1275 1090 1445 1137 oriatur
1462 1124 1476 1149 ,
1499 1087 1626 1138 litem
1645 1087 1742 1138 de-

155 1160 275 1210 cidat
296 1179 393 1212 non
418 1165 480 1212 ira
497 1201 510 1227 ,
541 1181 635 1214 non
658 1166 870 1230 superbia
886 1202 899 1227 ,
922 1183 1019 1215 non
1039 1168 1221 1231 passio,
1245 1166 1329 1218 sed
1351 1185 1482 1218 amor
1499 1169 1737 1219 studium-

155 1256 246 1305 que
267 1242 404 1306 pacis.
1252 1287 1254 1289 ,

224 1316 369 1370 Hunc
386 1338 571 1370 sensum
590 1324 793 1386 sequitur
813 1332 858 1373 et
880 1332 1069 1373 exornat
1090 1322 1157 1374 D.
1181 1322 1212 1373 J
1216 1341 1320 1373 oan.
1339 1320 1737 1390 Chrysostomu83

152 1400 358 1463 sequitur
391 1407 436 1449 et
466 1396 793 1449 Theodoretus
819 1420 830 1448 ε
854 1400 1054 1461 habete,
1084 1403 1265 1466 inquit,
1299 1403 1348 1450 in
1370 1400 1512 1452 corde
1543 1419 1741 1470 pacem,
1796 1440 1800 1441 ff

156 1474 392 1523 certamini
414 1473 737 1538 praesidentem
762 1484 808 1525 et
836 1478 1021 1541 praemia
1045 1476 1412 1528 distribuentem.

141 1606 144 1610 .
222 1547 366 1616 Sequi
386 1552 563 1601 videtur
582 1561 628 1601 et
651 1550 792 1618 Syrus
815 1573 825 1602 ε
849 1551 951 1604 Pax
976 1552 1145 1603 Christi
1170 1555 1398 1618 gubernet
1418 1552 1555 1618 corda
1573 1562 1738 1605 vestra
1777 1540 1800 1607 s.

155 1624 365 1686 (scilicet
389 1629 515 1693 quasi
547 1624 831 1677 brabeuta'et
861 1628 1172 1694 agonotheta,
1207 1647 1287 1681 seu
1313 1645 1483 1696 praeses
1518 1629 1743 1682 certami-

156 1701 327 1763 num).

224 1778 435 1849 Uterque
460 1799 620 1832 sensus
648 1782 784 1833 docet
805 1800 891 1833 nos
923 1783 1304 1834 christianismum
1337 1799 1438 1833 esse
1459 1757 1664 1833 scholam
1683 1799 1743 1834 ac
1784 1779 1800 1829 ''.-

157 1860 496 1928 professionem
518 1864 659 1929 pacis.

142 1990 146 1993 ,
224 1934 288 2005 En
314 1959 404 2006 qua
423 1976 437 2003 ,
470 1957 551 1990 seu
573 1939 630 1990 ad
652 1957 789 2005 quam
808 1943 972 1991 vocati
991 1943 1153 1994 estis...

226 2019 387 2071 Unum
409 2030 572 2087 corpus
590 2021 693 2071 facti
714 2039 870 2072 sumus
895 2040 1057 2074 omnes
1075 2061 1090 2087 ,
1114 2032 1161 2073 ut
1180 2039 1345 2089 pacem
1368 2020 1542 2074 habere
1570 2018 1743 2070 docea-

156 2117 276 2150 mur.

225 2174 329 2227 Pax
349 2178 501 2243 itaque
519 2168 765 2228 sitvictrix
789 2175 848 2226 de
870 2177 1085 2227 omnibus
1103 2177 1243 2225 animi
1265 2173 1569 2239 passionibuS.

225 2253 350 2320 Pax,
372 2259 497 2322 quasi
518 2260 690 2323 regina,
708 2273 871 2307 omnes
887 2258 1031 2307 nostri
1051 2256 1198 2308 cordis
1216 2253 1402 2305 affectus
1417 2258 1542 2317 regat
1557 2266 1611 2300 ac
1625 2265 1745 2300 con·
1787 2285 1800 2330 3.

158 2342 302 2392 tineat
325 2342 373 2390 in
398 2338 572 2390 officio.

226 2418 361 2479 Pax,
403 2421 527 2486 quasi
558 2417 865 2484 agonotheta,
906 2418 1228 2468 certaminibus
1260 2417 1429 2466 nostris
1462 2411 1744 2481 praesideat,

156 2499 447 2567 palmamque
471 2500 659 2564 patienti
683 2498 948 2557 distribuat,
980 2514 1077 2546 non
1099 2496 1349 2547 ulciscenti.

229 2580 291 2628 Et
309 2580 438 2642 grati
453 2585 614 2638 estote,
644 2573 729 2627 Gr.
751 2572 1056 2640 ευχάριστοι,
1082 2575 1287 2641 gratifici,
1311 2591 1412 2636 seu,
1433 2579 1482 2622 ut
1501 2571 1562 2619 ait
1578 2565 1743 2635 Syrus,

157 2663 205 2707 et
231 2658 393 2721 gratias
423 2657 541 2722 agite
566 2652 674 2706 Deo
706 2654 767 2703 ob
792 2654 1047 2712 beneficia,
1080 2655 1141 2703 ob
1165 2654 1434 2718 patientiam
1452 2685 1467 2710 ,
1495 2647 1559 2698 ob
1586 2645 1748 2695 victo-
1774 2731 1775 2734 Ἴ

161 2735 294 2784 riam·

159 2899 381 2962 gratiosi,
406 2896 657 2960 amabileS,
685 2913 842 2947 comes
874 2903 919 2945 et
942 2896 1133 2959 benigni
1159 2901 1350 2945 estote.
1338 2889 1465 2941 ·hoc
1483 2887 1608 2939 enim
1627 2897 1747 2936 oon·

151 2972 244 3028 fert
263 2977 323 3028 ad
346 2994 528 3044 pacem.

1780 2472 1800 2523 χ.

1782 2556 1800 2599 23.

227 2817 351 2883 Vel,
368 2828 418 2870 ut
444 2819 604 2870 volunt
625 2817 873 2880 VatabluS,
908 2816 1132 2869 Erasmus
1159 2810 1346 2883 postD.
1366 2810 1743 2875 Hieronymum,
1775 2795 1777 2797 ¹
