1806 3164
527 130 758 169 ‘rnu‘LEx
790 110 1714 179 EXP051T10.Cap.V143

153 204 407 284 pudicitia,
427 223 505 257 cor
525 205 583 255 ab
609 204 735 254 omni
754 200 965 262 avaritia,
995 219 1046 251 os
1066 202 1122 251 ab
1145 202 1272 251 omni
1292 199 1438 252 verbo
1461 188 1707 263 obscoeno,

157 304 290 339 mens
317 285 408 336 ab*
393 282 568 350 impura
590 283 897 347 cogitatione.
921 278 1030 328 hinc
1053 276 1336 330 Christianus
1362 280 1502 330 debet
1525 295 1715 330 omnem

154 361 487 416 immunditiam
507 368 552 410 et
575 377 632 410 av
635 361 806 409 aritiam
832 359 897 407 sic
914 355 1104 408 horrere
1136 365 1211 418 ut,
1250 361 1469 423 quantum
1497 357 1594 451 fieri
1621 374 1715 424 po·-

154 441 270 502 test,
292 439 382 490 de
370 457 424 489 11s
443 455 532 489 nec
556 439 756 502 cogitet,
781 451 868 485 nec
890 434 1115 499 loquatur.

223 516 489 570 Recordare
513 517 637 579 cujus
661 531 756 580 cap
747 517 817 564 'tis
837 515 899 563 sis
920 513 1178 563 membrum
1190 520 1276 578 ,et
1297 530 1487 564 omnem
1505 512 1715 565 horrebis

155 597 502 650 immunditiam
514 607 561 648 et
581 598 828 647 avaritiam.

225 674 283 733 Ῠ.
305 679 354 741 4.
379 681 474 729 Aut
503 677 735 743 turpitudo
747 713 764 736 ‚
789 676 957 726 scilicet
981 677 1241 727 verborum.
1277 672 1362 726 Gr.
1403 676 1680 727 obscoenitas
1698 713 1712 740 2

156 756 204 807 id
226 765 329 819 est,
355 757 570 806 obscoena
593 765 640 806 et
663 754 973 805 inverecunda
997 755 1154 804 verba.
1179 799 1182 801 ,

202 826 564 902 δίαῖιῐῖοᾳυιίιιη
580 871 596 894 ,
626 834 672 884 id
693 841 788 894 est,
812 834 981 897 ineptae
1005 832 1317 882 fabulationes.

203 911 506 960 'Scurrililas.
527 908 610 962 Gr.
628 903 945 974 εὐτραπελία,
961 926 1061 975 quae
1072 910 1129 959 ab
1145 906 1390 958 Aristotele
1400 909 1542 959 virtus
1560 909 1721 960 dicitur

155 994 203 1037 et
224 988 451 1053 urbanitas
475 997 676 1037 vocatur.

221 1058 317 1112 Sed
337 1061 414 1112 hic
436 1065 647 1127 accipitur
668 1079 749 1127 pro
773 1078 961 1111 excessu
986 1063 1033 1110 in
1063 1061 1177 1123 jocis
1205 1066 1251 1109 et
1279 1056 1452 1109 facetiis
1485 1059 1736 1123 ridiculis,

155 1140 296 1207 qualia
320 1151 423 1192 sunt
449 1142 567 1192 dicta
589 1146 834 1192 mimorum
865 1151 910 1191 et
939 1158 1094 1191 eorum
1122 1142 1198 1205 qui
1231 1139 1469 1190 ridicularii
1492 1140 1719 1192 dicuntur.

190 1215 198 1220 ¹
222 1218 317 1272 Per
339 1222 646 1271 scurrilitatem
677 1238 785 1285 ergo
811 1220 1049 1269 damnatur
1075 1218 1154 1267 hic
1176 1217 1391 1268 indecora
1420 1226 1464 1268 et
1498 1217 1718 1269 indecens

157 1299 426 1364 eutrapelia,
454 1317 533 1350 seu
555 1300 806 1362 jocularitas
835 1299 904 1348 illa
930 1315 1029 1363 quae
1049 1297 1106 1347 ad
1134 1299 1274 1349 risum
1305 1301 1477 1346 tantum
1507 1303 1713 1365 spectat,

155 1383 207 1426 ut
227 1378 367 1426 verba
398 1380 632 1441 sequentia
663 1377 888 1433 indicant;
925 1393 1021 1424 non
1046 1379 1157 1423 verb
1187 1375 1414 1424 urbanitas
1434 1375 1506 1424 illa
1527 1392 1627 1442 quae
1659 1374 1719 1424 ad

155 1452 299 1519 finem
321 1452 565 1503 honestum
593 1452 782 1503 refertur
799 1490 814 1513 ,
839 1471 886 1502 v.
913 1471 985 1518 g.,
1019 1452 1077 1500 ad
1102 1453 1354 1502 sanitatem.

146 1538 151 1545 '
223 1527 288 1579 Et
315 1533 360 1580 in
388 1530 479 1581 hoc
517 1547 653 1580 sensu
686 1529 1000 1595 intelligendus
1032 1537 1101 1578 est
1129 1527 1196 1579 D.
1226 1522 1598 1596 Chrysostomus
1640 1530 1718 1595 qui

153 1606 233 1657 hic
250 1608 298 1656 in
322 1607 507 1670 morali,
529 1615 661 1672 negat
684 1606 972 1672 eutrapeliam
998 1606 1118 1670 apud
1139 1602 1421 1656 Christianos
1443 1623 1554 1658 esse.
1572 1607 1719 1655 virtu·

154 1676 268 1736 tem,
919 1727 925 1733 .

220 1760 321 1812 Res
344 1769 412 1812 est
431 1765 752 1828 parasitorum,
769 1765 1039 1822 mimorum,
1065 1761 1350 1822 saltatorum,
1375 1763 1716 1827 prostitutarum

152 1839 417 1899 mulierum,
444 1842 597 1906 procul
621 1843 736 1890 absit
763 1844 819 1890 ab
851 1837 1001 1889 anima
1027 1837 1191 1897 libera&
1222 1842 1258 1888 si
1284 1842 1384 1903 quis
1412 1838 1716 1900 estfflfamis,

153 1919 315 1980 turpis,
334 1919 596 1977 obscoenus,
612 1921 649 1967 is
665 1926 731 1967 est
752 1912 1065 1981 εὗτρίιπελος,
1091 1916 1137 1965 id
1159 1923 1243 1978 est,
1263 1917 1462 1965 urbanus
1474 1914 1718 1967 etsacetuS.

152 1985 306 2041 Divus
330 1988 700 2060 Chrysostomus.

228 2069 350 2134 Quae
369 2071 538 2118 adrem
575 2089 666 2119 non
674 2072 919 2135 pertinent.
943 2065 1030 2119 Gr.
1053 2085 1151 2120 non
1190 2069 1510 2119 convenientia
1527 2104 1540 2130 ,
1563 2068 1611 2118 id
1625 2078 1714 2131 est,

152 2146 425 2217 indecentia.
1500 2136 1504 2141 ⁵

219 2213 626 2290 TheophylactuS,
654 2241 757 2290 quae
781 2242 876 2274 non
902 2231 1008 2274 sunt
1040 2223 1246 2273 decentia
1263 2259 1276 2284 ,
1305 2238 1385 2271 seu
1416 2229 1466 2272 ut
1492 2221 1714 2287 explicat,

155 2316 257 2365 quae
276 2300 332 2349 ad
354 2309 553 2350 nostram
576 2302 978 2352 sanctificationem
999 2318 1096 2350 non
1117 2300 1413 2350 conveniunt.

158 2394 162 2395 ⁷
223 2371 545 2438 sanctitatem,
574 2377 870 2438 modestiam,
899 2378 1162 2442 gravitatem
1185 2372 1379 2440 professi
1403 2389 1587 2434 sumus3
1613 2391 1714 2425 no·

153 2450 228 2502 bis
252 2449 355 2501 talia
378 2450 594 2517 professis
616 2453 714 2504 haec
734 2457 887 2504 omnia
907 2453 1159 2528 supradicta
1180 2468 1274 2502 non
1296 2453 1598 2504 conveniunt.

220 2523 326 2579 Deo
359 2545 440 2594 per
473 2526 762 2598 Baptismum
795 2534 1073 2594 consecrati,
1115 2527 1284 2595 Spiritu
1320 2536 1478 2578 saneto
1512 2528 1714 2594 sigillati,

155 2602 385 2672 quoddam
409 2607 547 2659 veluti
570 2609 849 2674 sacrilegium
883 2612 1244 2672 committimus,
1279 2607 1388 2658 dum
1414 2609 1558 2658 verba
1579 2619 1714 2659 scur-

152 2683 248 2733 rilia
260 2721 276 2746 ,
296 2689 440 2751 turpia
457 2686 724 2751 proferimus
741 2707 753 2750 ;
780 2691 892 2739 sicut
916 2690 992 2752 qui
1012 2704 1093 2738 vas
1113 2683 1218 2737 Deo
1235 2702 1410 2736 sacrum
1429 2686 1587 2736 usibus
1604 2701 1714 2753 pro·

154 2753 271 2807 {anis
296 2759 600 2823 impenderet.
636 2773 640 2775 ’

222 2831 489 2884 Recordare
509 2837 664 2898 judicii
688 2835 978 2889 BalthasariS.

224 2905 367 2972 Quod
389 2911 425 2958 si
451 2918 604 2962 autem
625 2911 716 2962 hoc
741 2912 799 2964 de
822 2909 1095 2979 quibuslibet
1120 2909 1387 2964 Christianis
1420 2926 1583 2963 verum
1613 2920 1681 2964 est
1697 2947 1714 2979 ‚
