1800 3158
457 115 670 186 imnum&
699 94 990 184 :xposmo
1027 127 1144 193 cap.
1178 124 1240 177 H
1251 122 1304 172 I„
1378 96 1381 101 1
1552 123 1680 191 435»⁴

166 219 320 286 Quia,
349 223 432 272 etsi
453 216 724 287 quotidianis
754 225 802 272 in
839 219 1061 274 mortibus
1091 232 1248 266 verser
1278 214 1532 280 (Quotidie
1551 232 1685 274 mon

99 303 215 362 rior,
243 302 310 355 ait
340 303 499 367 primae
523 298 735 351 Corinth.
765 298 898 361 15.),
924 298 1075 347 laetam
1097 303 1250 361 tamen
1273 294 1391 347 duco
1413 296 1554 345 vitam
1574 329 1595 355 ,
1625 297 1681 345 sir

99 395 218 441 vos,
257 375 453 439 fratres,
489 379 542 427 inv
574 375 782 442 suscepta
814 376 906 426 fide
947 381 1207 424 constantes
1245 370 1666 437 perstatis.'Vestra

102 452 270 518 quippe
288 455 337 502 in
357 453 446 503 fide
470 453 781 513 confirmatio,
809 454 900 501 vita
927 467 1029 500 mea
1054 457 1139 498 est.

171 527 285 580 Non
323 531 442 580 dixit
479 531 706 590 laetamur,
735 531 819 579 sed
838 527 1068 585 vivimus,
1097 526 1226 591 quasi
1261 525 1442 591 absque
1460 522 1580 585 hoc,
1603 539 1687 578 ue-

104 611 263 660 vivere
288 610 473 675 quidem
499 627 600 660 esse
614 611 924 669 existimaret,
954 610 1015 656 ait
1036 603 1095 654 D.
1117 602 1362 670 Chrysost.
1727 608 1729 611 ’

171 685 248 738 Sic
269 688 456 753 affectos
476 697 658 753 oportet
685 705 785 736 esse
811 689 1045 750 magistros
1062 722 1077 747 ‚
1108 687 1172 733 sic
1193 681 1462 747 discipulos,
1490 688 1534 730 et
1552 678 1671 732 nihii

108 782 307 831 unquam
335 769 419 815 erit
440 767 703 816 absurdum.
731 764 863 816 Idem
884 763 944 814 D.
972 761 1355 830 Chrysostomus.

174 839 341 905 Fides,
380 842 572 892 charitas
588 879 601 903 ‚
644 845 856 893 sanctitas
901 841 1231 905 discipulorum
1261 841 1320 888 sit
1349 837 1669 901 magistrorum

105 920 198 969 vita
222 937 234 966 ι
261 921 434 986 absque
457 919 549 968 hoc
567 957 579 980 ‚
603 923 746 969 vitam
773 918 964 968 nihilum
986 924 1212 982 reputent.

177 993 397 1060 Discipuli
431 1004 760 1062 praeceptorum
780 1013 963 1045 suorum
993 997 1279 1044 mentionem
1304 990 1466 1039 saciant
1485 1006 1669 1055 semper

75 1121 81 1129 ,
108 1087 211 1122 cum
237 1072 365 1123 laude
391 1093 401 1122 :
429 1075 554 1136 ipsos
569 1072 751 1137 diligant
772 1081 817 1122 et
834 1072 1086 1131 honorent,
1114 1085 1206 1119 non
1226 1074 1472 1133 praesentes
1494 1071 1671 1116 tantum

108 1148 380 1199 etmiracula
401 1157 651 1213 patrantes,
674 1148 756 1198 sed
773 1157 818 1198 et
839 1151 1054 1198 absentes
1071 1155 1118 1197 et
1139 1142 1482 1195 innumerabilia
1505 1144 1672 1208 probra

107 1232 153 1274 et
175 1223 287 1273 mala
310 1227 549 1287 patientes.

177 1291 233 1350 fi.
257 1317 303 1367 9.
340 1298 496 1362 Quam
521 1301 644 1348 enim
664 1303 925 1364 gratiarum
949 1298 1248 1348 actionem....
1269 1295 1393 1349 Vide
1420 1297 1672 1362 paraphra-

108 1389 211 1421 sim.

176 1446 411 1499 Secundus
434 1449 622 1499 effectus
650 1452 762 1499 boni
784 1468 864 1516 per
887 1448 1193 1500 Timotheum
1227 1449 1353 1499 relati
1374 1453 1538 1513 nuntii,
1563 1469 1675 1518 gra-

109 1529 271 1578 {iarum
295 1528 429 1575 acti00

178 1606 324 1671 Quasi
364 1607 561 1670 diceret,
601 1610 658 1657 ait
698 1607 1022 1659 Theodoretus
1050 1627 1061 1657 :
1101 1607 1294 1672 Linguae
1336 1608 1492 1660 laudes
1531 1610 1675 1660 vincit

108 1685 279 1735 laetitiae
302 1684 590 1748 magnitudo;
621 1703 714 1734 non
737 1703 976 1750 possumus
998 1689 1124 1736 enim
1161 1684 1267 1735 Deo
1302 1686 1528 1752 hymnum
1557 1686 1675 1737 serm

114 1768 189 1833 qui
210 1766 375 1815 laetitiae
390 1801 405 1825 ,
431 1783 564 1831 quam
588 1766 646 1815 de
672 1769 805 1817 vobis
824 1771 1051 1832 cepimus,
1075 1767 1364 1831 respondeat.

179 1837 238 1896 Ῠ.
271 1861 348 1892 10.
373 1843 522 1891 Nocte
546 1863 604 1891 ac
622 1844 697 1891 die
715 1845 1048 1892 abundantius.
1066 1840 1151 1892 Gr.
1178 1861 1313 1907 super
1334 1844 1682 1908 exabundanti&

112 1935 220 1973 seu.
245 1919 481 1984 plusquam
503 1920 807 1980 abundanter,
832 1919 1219 1969 abundantissime
1236 1958 1249 1982 ,
1279 1938 1412 1985 supra
1434 1921 1640 1972 modum.

179 1990 367 2048 TertIus
389 1998 578 2048 effectus
599 1999 855 2063 hujusboni
876 2003 1039 2059 nuntii,
1059 2000 1334 2063 desiderium
1357 2019 1435 2052 eos
1452 2003 1642 2054 videndi
1654 2039 1681 2067 ,-

112 2077 220 2124 ut=si
244 2090 342 2140 quae
363 2076 527 2125 desunt
549 2080 614 2125 eis
632 2114 646 2138 ,
672 2078 826 2126 verbis
850 2078 1069 2142 perficiat.

179 2152 334 2202 Nocte
370 2156 501 2218 igitur
536 2173 596 2202 ac
631 2155 733 2213 dle,
762 2156 809 2203 id
836 2164 928 2218 est,
961 2156 1166 2217 assidue,
1193 2157 1426 2223 plusquam
1459 2158 1679 2219 abunde}

113 2228 160 2279 id
185 2239 278 2290 est,
305 2231 616 2280 ardentissime
639 2268 651 2292 ,
679 2232 1087 2282 vehementissime
1111 2251 1270 2297 precor
1293 2243 1342 2283 ut
1370 2253 1453 2283 vos
1473 2235 1674 2286 videam.

186 2284 590 2367 Quemadmodum
612 2309 802 2372 agricola
820 2313 1040 2375 quispiam
1055 2311 1242 2362 audiens
1263 2330 1393 2377 agros
1412 2317 1435 2361 a
1460 2330 1510 2362 se
1532 2314 1675 2364 cultos

113 2381 330 2430 fructibus
355 2384 610 2443 abundare,
647 2386 872 2436 desiderat
898 2388 993 2437 illos
1021 2389 1159 2438 oculis
1197 2392 1378 2441 intueri.
1407 2389 1470 2440 D.
1518 2388 1674 2459 Chry-

113 2466 341 2507 sostornus
364 2466 409 2508 et
437 2456 830 2527 Theophylactus.

184 2535 248 2583 Et
269 2537 601 2601 compleamus,
627 2540 917 2603 amplioribus
938 2541 1108 2592 scilicet
1125 2551 1171 2593 et
1188 2544 1445 2593 clarioribus
1466 2547 1673 2595 instruc·-

116 2616 314 2664 tionibus
330 2651 342 2675 ‚
369 2617 473 2679 quoe
490 2616 652 2663 desunt
658 2616 788 2679 fidei
800 2628 980 2670 vestroe.

182 2687 297 2739 Non
323 2708 510 2741 omnem
530 2704 823 2757 perceperant
849 2696 1122 2757 doctrinam,
1139 2706 1189 2747 ut
1210 2701 1270 2748 ait
1290 2695 1673 2766 Theophylactus

110 2765 280 2833 postS.
302 2765 704 2835 Chrysostomum,
731 2773 812 2823 sed
833 2774 1018 2826 deerant
1041 2775 1230 2828 fortasse
1256 2780 1364 2843 ipsis
1385 2780 1590 2844 quaedam
1613 2781 1674 2831 de

116 2849 447 2896 resurrectione
464 2883 479 2908 ,
506 2847 643 2912 idque
664 2868 806 2916 genus
831 2853 913 2903 alia
936 2874 947 2903 ε
973 2854 1063 2903 hoc
1087 2854 1226 2918 dicit,
1253 2856 1456 2908 desectus
1474 2858 1602 2908 fidei.

188 2921 297 2974 Hoc
308 2921 437 2974 Pauli
453 2924 512 2975 de
525 2922 1012 2982 Thessalonicensibus
1027 2933 1259 2983 visitandis
1278 2933 1572 2998 desiderium,
1587 2938 1673 2988 etsi
