1800 3158
160 76 262 130 216
565 96 822 134 nem-omn
841 95 930 134 -An
965 94 1328 138 Pnimppmsts

565 333 838 425 CAPUT
854 376 857 378 -
874 333 1125 392 SECUN
1136 333 1335 391 DUM.

856 512 1048 562 Tewtus.

156 723 201 758 ι,
231 656 313 752 S1
341 709 447 761 qua
468 711 588 763 ergo
603 687 895 745 consolatio
916 687 973 743 in
998 687 1227 756 Christo,
1251 686 1297 744 si
1319 686 1464 757 quod
1483 681 1733 742 solatium

158 769 429 843 charitatis
449 827 464 853 ,
492 779 536 838 si
555 801 660 851 qua
679 779 900 837 societas
920 777 1135 849 spiriffis
1152 819 1165 846 ,
1195 776 1241 834 si
1262 795 1367 847 qua
1391 775 1594 832 viscera
1617 771 1732 828 mi-

158 872 466 938 serationis3

224 1002 518 1079 2.1mplesse
547 1006 798 1080 gaudium
825 1025 1002 1060 meum
1024 1046 1037 1072 ,
1062 1013 1120 1058 ut
1142 1001 1286 1058 idem
1306 1001 1526 1072 sapiatis
1547 1043 1562 1070 ,
1578 1021 1730 1065 eam-

154 1097 280 1154 dem
309 1096 620 1152 charitatem
648 1094 901 1150 habentes
922 1137 938 1163 ‚
980 1092 1286 1160 unanimes,
1325 1091 1561 1161 idipsum
1596 1112 1730 1148 sen-

153 1178 345 1245 tientes
359 1229 374 1255 ,

218 1477 270 1530 3.
293 1470 446 1531 Nihil
473 1492 567 1543 per
593 1470 989 1527 contentionem
1014 1512 1027 1538 ‚
1054 1489 1226 1540 neque
1250 1487 1345 1539 per
1364 1467 1577 1526 inanem
1602 1467 1753 1543 glo-'

148 1561 287 1616 riam
313 1583 325 1614 ι
351 1561 444 1616 sed
466 1559 521 1614 in
555 1558 854 1613 humilitate
877 1556 1174 1627 superiores
1198 1555 1296 1612 sibi
1318 1546 1548 1613 invicem
1572 1555 1727 1612 arhi-

147 1658 346 1703 trantes
369 1690 383 1715 ‚

217 1739 264 1800 4.
285 1733 416 1790 Non
436 1754 552 1802 quae
574 1753 674 1788 sua
708 1745 831 1788 sunt
865 1730 1060 1806 singuli
1089 1732 1482 1790 considerantes
1502 1775 1514 1799 ‚
1540 1736 1636 1791 sed
1660 1755 1723 1791 ea

147 1846 266 1894 quae
287 1823 534 1880 aliorum.

213 1917 262 1968 5.
290 1910 414 1968 Hoc
459 1909 602 1967 enim
640 1909 828 1966 sentite
873 1909 929 1964 in
969 1908 1118 1967 vobis
1152 1908 1297 1979 quod
1336 1907 1465 1965 etin
1505 1906 1721 1967 Christo

98 2040 100 2042 -
151 2003 281 2058 Jesu
312 2027 324 2056 :

218 2092 267 2143 6.
290 2089 405 2162 Qui
430 2093 550 2144 esim
574 2080 634 2140 inv
650 2084 822 2142 forma
849 2086 954 2142 Dei
980 2098 1146 2154 esset,
1171 2107 1281 2143 non
1306 2087 1550 2156 rapinam
1570 2082 1720 2139 arbi-

149 2186 318 2232 tratus
340 2188 418 2233 est
440 2196 552 2233 esse
578 2197 633 2231 se
662 2175 917 2245 aequalem
947 2174 1067 2230 Deo
1092 2199 1104 2229 :

213 2347 261 2392 7.
299 2323 404 2378 Sed
429 2321 772 2391 semetipsum
803 2321 1123 2386 exinanivit,
1150 2319 1380 2379 formam
1404 2319 1539 2378 servi
1566 2321 1718 2378 acci-

141 2410 294 2481 piens
313 2454 328 2480 ,
365 2410 420 2466 in
449 2409 850 2467 similitudinem
889 2407 1172 2466 hominum
1219 2409 1387 2468 factus
1408 2456 1422 2483 ,
1452 2423 1504 2468 et
1532 2409 1718 2469 habitu

139 2498 399 2555 inventus
429 2510 490 2554 ut
513 2499 697 2556 homo.

205 2631 254 2682 8.
290 2626 615 2683 Humiliavit
638 2626 984 2696 semetipsum
1035 2627 1204 2711 factos
1256 2627 1509 2685 obediens
1550 2650 1717 2700 usque

135 2711 204 2769 ad
229 2727 455 2785 moplem
476 2759 489 2783 ,
516 2726 921 2772 mortemautem
947 2715 1135 2772 crucis.

204 2823 254 2873 9.
271 2800 508 2871 Propter
533 2803 677 2872 qnod
713 2815 763 2858 et
786 2803 940 2859 ¹Deus
964 2803 1211 2860 exaltavit
1236 2803 1407 2871 illum,
1430 2816 1482 2860 et
1504 2804 1722 2864 donavit

138 2886 220 2944 ini
244 2909 442 2946 nomen
467 2891 610 2962 quod
637 2903 716 2948 est
742 2913 902 2963 super
925 2913 1083 2949 omne
1111 2915 1337 2962 nomen3
