1800 3158
0 2959 3 3054 l

0 3074 4 3158 l

456 107 687 190 rameri
715 129 1007 168 Exposm0.
1046 109 1164 181 Cap.
1188 113 1275 164 II.
1546 107 1651 175 345·

95 207 222 276 ’Ἢν
249 214 307 261 12
326 217 375 261 et
388 200 482 272 4⁴3,
505 207 718 274 explicuit
735 213 993 276 expressius
1013 206 1199 260 effectus
1219 203 1444 272 B'aptismi
1457 243 1469 267 ‚
1491 205 1540 255 in
1557 219 1648 268 quo

88 285 402 355 cum,Christo
425 291 589 338 mortui
617 305 770 341 sumus
792 297 835 338 et
857 291 1104 339 resuscitati
1123 308 1133 345 ς
1160 287 1339 350 hosque
1361 283 1551 334 effectus
1572 290 1651 345 at-

87 357 372 426 tribuit’Deo
391 359 542 425 Patri,
574 365 648 429 qui
685 366 820 416 nobis
846 365 899 416 ea
924 365 1128 431 potentia
1147 380 1316 415 novam
1338 364 1490 427 gratiae
1510 363 1650 411 vitam
1695 353 1698 356 ’

87 443 215 497 dedit
237 445 325 512 qua
337 444 538 513 potentia
553 443 736 501 Christo
757 450 896 497 vitam
919 448 1070 512 gloriae
1088 449 1135 496 in
1158 447 1485 496 resurrectione
1504 442 1658 513 dedit,

91 526 335 591 omniaque
355 534 507 574 nostra
528 533 710 589 peecata
730 525 1024 575 condonavit.

160 612 258 664 Hic
282 621 432 663 autern
457 610 525 677 37.
558 613 619 673 14
636 649 648 672 ‚
676 616 703 661 ὲ
725 610 963 681 Baptismo
981 617 1056 680 qui
1077 614 1130 662 fit
1146 615 1193 662 in
1219 613 1437 677 sanguine
1463 609 1655 673 Christi,

91 694 248 741 transit
263 691 535 757 adrmortem
554 685 749 750 Christi,
781 709 879 757 quae
897 708 1025 741 causa
1049 691 1275 740 meritoria
1290 697 1359 739 est
1378 689 1656 738 remissionis

93 777 381 834 peccatorum
407 778 456 819 et
477 773 629 834 gratiae
647 771 781 820 nobis
806 774 851 820 in
879 768 1117 835 Baptismo
1146 769 1347 820 collatae:
1372 769 1528 817 transit
1545 782 1658 832 ergo

94 855 141 899 et
161 858 495 915 consequenter
517 850 574 900 ad
595 867 835 915 personam
861 845 999 910 Filii,
1040 849 1096 898 de
1117 866 1206 914 quo
1239 845 1529 912 intelligenda
1553 852 1658 894 sunt

95 930 351 993 sequentia.

164 1013 565 1080 Versibusritaque
602 1017 662 1078 14
683 1025 728 1066 et
755 1017 842 1079 15,
873 1013 1041 1066 Christi
1070 1016 1289 1080 passionis
1313 1012 1502 1074 effectus
1521 1029 1661 1063 com-

95 1100 346 1162 memorat,
361 1110 455 1142 -seu
483 1110 660 1142 causam
685 1093 879 1158 explicat
904 1093 965 1141 ob
988 1110 1123 1157 quarn
1146 1093 1296 1141 omnia
1320 1099 1502 1156 peccata
1522 1091 1665 1139 nobis

95 1172 145 1220 in
163 1166 404 1236 Baptismo
430 1170 686 1220 condonata
721 1179 824 1220 sunt
852 1175 877 1220 a
907 1168 1038 1228 Deo;
1069 1172 1198 1234 quia,
1227 1168 1423 1230 scilicet,
1452 1164 1660 1217 Christus

95 1247 146 1299 in
163 1267 295 1300 cruce
322 1267 405 1314 pro
427 1250 560 1299 nobis
584 1252 783 1300 moriens
799 1288 813 1314 ‚
842 1253 995 1300 omnia
1025 1250 1176 1300 debita
1200 1257 1353 1299 nostra
1368 1247 1538 1310 solvit,
1563 1244 1662 1296 chi·

97 1330 371 1398 rographum
393 1332 826 1384 nostrumlaeeravit
841 1341 886 1383 et
912 1335 1028 1383 cruci
1053 1332 1222 1395 affixit,
1241 1348 1418 1397 nosque
1437 1333 1463 1380 a
1488 1329 1661 1381 daemo·
1687 1391 1693 1398 ⁶

97 1425 209 1460 num
239 1411 496 1474 captivitate
521 1410 746 1459 liberavit.
1584 1416 1588 1418 ’

167 1483 293 1537 Ecce
316 1504 530 1547 sensum3
561 1490 796 1538 veniamus
816 1487 872 1538 ad
900 1496 1094 1537 textum.

166 1574 353 1623 Delem.
373 1571 481 1623 Hoc
500 1576 783 1639 participium
797 1612 810 1637 ,
835 1576 948 1623 sicut
967 1582 1012 1622 et
1028 1573 1131 1633 alia,
1161 1575 1206 1621 in
1229 1569 1394 1622 Graeco
1410 1574 1505 1621 vim
1522 1570 1666 1621 hahet

100 1655 321 1716 praeteriti
343 1672 356 1701 :
382 1651 491 1702 hinc
530 1650 634 1718 Syr.
678 1649 889 1716 AEthiop.
930 1654 1082 1701 versio
1109 1670 1120 1699 ε
1163 1659 1208 1700 et
1255 1649 1450 1710 delevit;
1481 1648 1591 1699 hinc
1618 1655 1665 1698 et

98 1727 318 1781 Erasmus
339 1739 441 1796 post
457 1731 614 1784 dimrn
631 1727 933 1780 Ambrosium
958 1749 969 1778 :
997 1739 1041 1779 et
1071 1729 1240 1780 deleto.

163 1805 329 1874 ,Itaque
351 1807 501 1859 deleto
529 1811 650 1873 prius
674 1802 977 1874 chirographo
1001 1807 1160 1856 debiti.

559 1983 859 2029 DISQmsl'rlo
893 1983 1208 2018 LITTERALIS.

172 2123 270 2177 Sed
307 2126 538 2191 quodnam
575 2120 645 2178 est
669 2127 777 2177 illud
814 2127 1050 2187 debitum,
1082 2125 1278 2191 illudque
1317 2121 1670 2190 chirographum

107 2202 285 2253 debiti?
314 2200 530 2269 Plerique
562 2208 831 2267 interpretes
867 2220 949 2266 per
971 2203 1174 2250 debitum
1202 2201 1455 2266 intelligunt
1495 2200 1668 2264 obliga·

107 2282 289 2329 tionem
315 2281 527 2330 servandi
552 2281 698 2346 legem
735 2278 1012 2338 mosaicam
1052 2297 1131 2344 per
1155 2280 1511 2345 chirographum
1533 2277 1673 2328 intel·
1707 2266 1713 2271 ⁴

106 2356 253 2421 ligunt
275 2357 603 2421 professionem
631 2359 762 2421 hujus
797 2360 906 2424 legis
929 2359 1164 2409 servandae
1179 2395 1192 2418 ‚
1219 2358 1380 2408 factam
1403 2361 1447 2407 in
1470 2360 1671 2406 circumr-

113 2436 315 2493 cisione;
352 2435 600 2499 voluntque
638 2436 709 2485 his
747 2438 900 2485 verbis
937 2437 1176 2500 significari
1219 2435 1341 2503 quod
1377 2432 1594 2485 Christus
1625 2441 1671 2483 et

109 2510 261 2578 legem
288 2520 333 2562 et
357 2513 681 2576 obligationem·
701 2512 810 2577 legis
830 2512 1029 2562 abolevit
1047 2507 1093 2562 in
1113 2528 1263 2562 cruce.

119 2611 124 2631 ·’
155 2599 619 2665 *Quantumcumque
666 2604 919 2651 communis
953 2604 1010 2651 sit
1047 2600 1521 2666 haecinterpretatio,
1566 2597 1673 2648 huic

112 2688 266 2731 tamen
290 2682 573 2730 subscribere
594 2697 815 2745 repugno.

179 2765 340 2818 Primo
356 2806 368 2829 ‚
393 2772 495 2835 quia
516 2787 612 2829 non
639 2769 697 2820 de
716 2766 889 2818 Judaeis
910 2772 1110 2829 tantum,
1141 2769 1224 2819 sed
1247 2768 1305 2818 de
1328 2768 1676 2834 omnibuslogqui

110 2844 294 2894 videtur
316 2843 592 2910 Apostolus,
622 2854 668 2895 ut
691 2853 816 2911 patet
837 2847 1029 2911 legenti,
1063 2839 1119 2899 fi.
1157 2847 1237 2899 13.
1272 2847 1335 2896 Et
1358 2865 1470 2907 vos,
1504 2842 1678 2896 Colos-

113 2939 271 2973 senses
302 2922 523 2988 gentiles,
561 2912 887 2990 convificavit,
925 2925 1106 2974 donans
1136 2926 1299 2985 νοόἱς,
1330 2934 1434 2987 etc„
1479 2917 1537 2975 Ῠ.
1576 2921 1670 2982 14,
