1806 3164
67 0 93 9 ..

0 0 60 77 ἔθ’

0 67 25 110 25'

0 127 15 162 ii

0 161 90 202 ᾗ,

422 130 634 205 τωίξιεκ
666 148 955 188 nxnosmo.
995 132 1123 201 Cap.‘
1151 132 1256 185 IV.
1511 149 1605 186 ιοι

115 222 166 276 Si
183 241 269 274 vos
289 224 516 302 contingat
538 223 695 282 irasci,
722 224 834 272 iram
869 228 1071 270 vestram
1098 223 1164 271 sic
1192 219 1399 283 frenate,
1429 227 1478 270 ut
1509 238 1607 279 non

50 302 272 369 peccetis,
296 299 386 348 nec
411 299 531 346 intus
554 299 600 346 in
619 296 802 360 Deum,
825 299 907 347 irae
928 296 1098 346 scilicet
1129 294 1492 356 consentiend03
1520 312 1608 346 nec

52 380 251 429 exterius
283 377 331 425 in
371 377 667 465 proximum,
689 379 772 441 ipsi
816 374 982 426 malum
1019 373 1230 426 faciendo
1257 373 1468 441 q110d1ra
1495 391 1614 439 sug-

53 455 200 518 gerit:

120 527 216 580 Sed
240 533 374 593 quam
400 530 615 578 citissime
634 545 720 593 per
742 530 927 579 rationis
960 531 1204 593 imperium
1227 532 1339 579 iram
1363 526 1614 592 deponiteg

60 608 122 655 ita
140 614 191 654 ut
217 605 285 664 501
306 622 400 655 non
419 604 593 653 occidat
611 621 745 668 super
767 605 902 673 illam.

133 681 215 735 Ne
228 682 314 734 hac
336 686 472 734 animi
510 686 649 733 vestri
683 687 992 735 commotione
1013 684 1130 735 detis
1157 679 1345 735 diabolo
1389 683 1539 733 locum
1577 685 1625 732 in

61 761 272 848 cordibus
288 765 468 827 vestris.

83 822 222 902 Qui
244 823 491 901 furabatur,
519 841 805 908 alienumque
828 843 1001 891 bonum
1021 858 1310 908 quocumque
1336 840 1480 891 modo
1511 858 1623 892 sus·-

59 917 268 968 trahebat
289 925 334 967 et
351 917 612 978 defluebat
642 935 737 967 non
756 918 928 968 furetur
949 917 1169 982 amplius3
1214 921 1324 984 quin
1362 921 1533 984 potius
1547 918 1643 968 la*

31 1051 37 1058 s
61 997 194 1046 horet
212 1004 308 1046 arte
334 995 526 1046 honesta
562 1005 608 1046 et
626 997 752 1057 utili,
778 991 1011 1047 ut'habeat
1033 999 1161 1061 ipse,
1193 1015 1289 1047 non
1322 997 1470 1046 solum
1502 995 1625 1046 unde

61 1077 216 1133 vivat,
261 1074 345 1123 sed
385 1083 428 1123 et
468 1074 590 1124 unde
624 1076 789 1124 tribuat
834 1075 1174 1138 eleemosynam
1230 1091 1377 1139 egeno
1423 1071 1627 1138 (sicque

60 1153 262 1209 restituat
279 1150 314 1209 ).
1294 1209 1301 1214 =

132 1225 464 1278 Omnissermo
482 1230 728 1277 obscoenus
743 1235 786 1277 et
797 1226 982 1289 fetidus,
998 1234 1250 1292 corruptus,
1261 1234 1332 1276 est
1343 1241 1632 1292 quocumque

64 1302 206 1352 modo
232 1305 440 1364 vitiosus,
468 1319 562 1351 non
591 1310 724 1352 exeat
750 1319 810 1352 ex
832 1319 911 1352 ore
930 1309 1083 1352 vestro
1107 1321 1121 1351 ε

134 1377 230 1430 Sed
247 1416 261 1441 ‚
290 1382 327 1428 si
351 1382 451 1444 quis
480 1397 632 1429 sermo
658 1397 719 1429 ex
739 1396 817 1429 ore
842 1377 1233 1445 vestrosprocedat
1249 1415 1262 1439 ‚
1282 1378 1433 1427 bonus
1461 1382 1547 1439 sit,
1583 1386 1631 1428 et.
1654 1383 1666 1392 ’

67 1461 187 1511 utilis
218 1462 274 1511 ad
295 1461 642 1511 aedificationem
663 1461 803 1520 fidei;
840 1478 919 1511 seu
944 1476 1191 1527 perquem
1212 1458 1326 1508 fides
1353 1467 1521 1510 crescat
1541 1495 1558 1523 ‚
1581 1467 1628 1510 et

54 1538 212 1600 *pietas
236 1538 476 1602 inspiretur
495 1534 800 1585 audientibus·

138 1612 202 1664 Et
223 1615 362 1666 nolite
384 1617 540 1666 verbis
568 1617 817 1673 obscaenis,
845 1614 1119 1664 scandalosis
1139 1652 1152 1677 ,
1177 1612 1396 1681 Spiritum
1427 1621 1632 1664 sanctum

74 1696 333 1743 contristare
352 1730 367 1755 ‚

143 1766 300 1832 Quem
326 1772 372 1818 in
389 1767 625 1834 Baptismo
642 1779 687 1819 et
709 1772 755 1819 in
778 1766 1171 1833 Confirmatione‚
1192 1769 1314 1820 velut
1329 1769 1520 1834 sigillum
1541 1788 1634 1821 vo-

0 1869 3 1874 ·
75 1846 149 1895 bis
166 1848 434 1910 impressum
450 1882 464 1906 ‚
491 1849 754 1911 recepistis„

146 1920 432 1973 Servandum
458 1941 599 1989 usque
628 1927 674 1972 in
700 1925 824 1972 diem
843 1926 1203 1986 resurrectionis,
1231 1924 1310 1972 ubi
1339 1925 1397 1973 ab
1423 1926 1635 1977 omnibus

79 1996 211 2047 malis
224 1997 476 2048 liberamini
500 2009 547 2049 et
568 2002 747 2049 beatam
766 1992 1149 2050 immortalitatem
1172 2003 1533 2067 consequemini.

149 2070 320 2123 Absint
343 2079 368 2123 a
409 2078 540 2124 vobis
578 2079 725 2125 omnis
749 2079 889 2126 animi
919 2077 1200 2141 ama1·itud0‚
1239 2078 1621 2129 excandescentia

78 2155 129 2198 et
150 2148 430 2214 indignatio,
448 2160 496 2201 et
518 2153 685 2202 clamor
714 2153 1009 2214 inordinatim,
1042 2162 1087 2204 et
1119 2154 1400 2220 querulosus,
1444 2155 1642 2205 maledi--

85 2225 258 2286 centia,
289 2228 528 2291 omnisque
553 2231 741 2278 omnino
769 2229 1020 2294 malignitas
1046 2238 1090 2281 et
1113 2233 1332 2298 nequitia.

59 2368 61 2370 -
129 2333 200 2385 ‚E
224 2346 402 2399 eontra,
433 2348 579 2390 estote
601 2353 754 2392 comes
774 2350 819 2392 et
840 2344 1028 2407 benigni
1049 2381 1062 2405 ‚
1091 2343 1408 2395 misericordes
1428 2354 1475 2394 et
1507 2362 1644 2395 eom-

89 2414 312 2477 patientes
328 2451 342 2474 ‚
366 2416 621 2466 condonate
643 2417 856 2482 osfensae,
881 2423 995 2470 sicut
1017 2429 1061 2471 et
1083 2419 1230 2486 Deus,
1245 2439 1326 2488 per
1345 2418 1514 2474 Christi
1531 2420 1642 2473 Filii

91 2490 159 2539 sui
179 2491 388 2541 meritum
401 2529 414 2555 ‚
429 2493 565 2549 ,vobis
592 2504 772 2560 peccata
789 2505 939 2547 vestra
956 2498 1162 2552 donavit.

1497 2563 1517 2575 Ψ
