1800 3158
119 94 220 148 332
527 106 807 166 musromss
827 107 910 169 An¹
931 97 1278 171 corossntstsgs
1333 147 1369 170 ·‚-
1437 165 1452 170 ι

119 177 414 238 secundum
437 175 698 234 elementa
721 177 906 236 mundi
923 222 941 249 ‚
969 174 1022 236 ct
1047 199 1159 236 non
1179 172 1477 253 secundum
1500 177 1691 237 Chris-

124 284 256 325 tum.

196 589 245 639 9.
273 564 420 640 Quia
442 564 637 646 inipso
664 562 927 622 inhabitat
946 564 1117 624 omnis
1140 565 1416 636 plenitudo
1446 566 1699 625 divinita·

126 657 193 714 tis
214 654 562 726 corporaliter
588 679 600 709 ε

203 825 285 858 10.
327 802 396 857 Et
432 801 554 859 estis
593 801 651 856 in
691 800 784 857 illo
825 800 1044 872 repleti,
1083 799 1174 870 qui
1218 812 1296 859 est
1325 814 1483 872 caput
1527 803 1700 881 omnis

131 889 534 960 principatuset
559 889 832 960 potestatis
872 914 884 944 z

204 1061 286 1093 11.
322 1037 390 1092 ln
421 1057 527 1107 quo
572 1049 621 1091 et
655 1036 956 1094 circumcisi
988 1036 1558 1111 cstisxcircumcisione
1592 1052 1704 1095 non

134 1144 301 1180 manu
328 1124 497 1194 factas,
531 1125 587 1180 in
619 1125 999 1195 exspoliatione
1026 1124 1267 1195 corporis
1293 1123 1498 1192 carnis;
1529 1126 1623 1183 sed
1649 1125 1705 1180 in

142 1212 550 1269 circumcisione
582 1210 812 1269 Christi:
1404 1236 1407 1239 ’
1446 1230 1450 1235 ’

212 1454 293 1486 12.
318 1428 630 1499 Consepulti
651 1429 697 1485 ei
723 1429 780 1484 in
801 1429 1086 1500 Baptismo
1102 1473 1117 1499 ‚
1134 1428 1190 1485 in
1209 1449 1316 1500 quo
1333 1439 1386 1485 et
1405 1426 1711 1486 resurrexis-

138 1518 204 1577 tis
241 1540 337 1590 per
373 1520 538 1577 fidem
571 1518 893 1589 operationis
933 1518 1039 1576 Dei
1068 1517 1161 1588 qui
1185 1516 1458 1576 suscitavit
1489 1516 1645 1574 illum
1681 1522 1714 1575 ἐι

141 1620 383 1666 mortuis.

229 1831 309 1883 13.
332 1827 400 1881 Et
421 1845 515 1882 vos
536 1869 549 1895 ‚
575 1828 696 1882 cum
719 1823 919 1881 mortui
939 1824 1119 1882 essetis
1140 1822 1198 1879 in
1217 1821 1420 1880 delictis
1442 1833 1493 1879 et
1513 1844 1719 1894 praepw¹

145 1916 220 1972 tio
253 1913 427 1971 carnis
453 1925 633 1971 vestrae
649 1957 663 1983 ,
685 1912 1076 1972 convivificavit
1096 1934 1216 1970 cum
1234 1911 1328 1972 illo
1346 1956 1360 1984 ,
1387 1912 1593 1971 donans
1613 1933 1717 1971 vo-

116 2038 118 2040 >
142 2003 227 2063 bis
248 2004 432 2063 omnia
453 2004 660 2062 delicta.
1341 1997 1345 2002 ⁸

227 2326 306 2392 ¹4·
331 2318 539 2378 ’Delens
567 2316 711 2388 quod
749 2315 997 2372 adversus
1023 2330 1121 2367 nos
1160 2319 1266 2365 crat
1293 2305 1724 2381 chyrographum
1764 2331 1771 2341 ·

154 2409 390 2477 'decreti5
415 2407 557 2480 quod
598 2416 707 2462 erat
741 2399 1070 2461 contrarium
1087 2397 1262 2470 {nobis
1282 2440 1297 2469 ,
1319 2408 1370 2454 et
1406 2395 1587 2468 ipsum
1606 2392 1728 2451 tulit

160 2503 227 2558 de
251 2498 431 2576 medio
453 2540 468 2565 ,
492 2495 717 2568 affigens
758 2490 891 2548 illud
913 2489 1078 2547 cruci.

228 2655 316 2707 15.
337 2649 408 2704 Et
428 2644 722 2719 exspolians
746 2623 1075 2714 principatus
1090 2650 1141 2697 et
1160 2645 1442 2708 potestates
1461 2674 1477 2703 ‚
1501 2627 1729 2688 traduxit

162 2737 496 2798 confidenter
511 2776 527 2804 ‚
555 2734 728 2805 palam
751 2728 1093 2802 triumphans
1114 2728 1234 2786 illos
1255 2726 1313 2783 in
1333 2721 1638 2793 semetipso.

242 2905 327 2960 16.
346 2902 519 2959 Nemo
544 2919 670 2974 ergo
690 2919 782 2958 vos
803 2896 1002 2970 judicet
1019 2897 1075 2955 in
1091 2898 1207 2957 cibo
1225 2939 1241 2968 ,
1267 2892 1435 2953 autin
1455 2902 1586 2965 potu
1602 2931 1618 2960 ‚
1642 2896 1734 2944 aut
