1800 3158
521 112 757 153 'ramme‘
778 112 1064 150 Exposrrro.
1101 98 1220 163 Cap.
1255 99 1361 152 111.
1622 92 1726 148 365

177 202 181 204 ⁷
217 185 331 246 Hoc
349 188 401 238 in
418 188 548 249 sinu,
577 202 683 236 cum
708 182 896 237 Christo
911 224 926 250 ,
947 187 1142 237 fitiorum
1159 186 1483 252 adoptivorum
1506 186 1720 237 abscon-

150 271 251 321 dita
277 278 353 322 est
382 270 483 319 vita
506 287 523 317 .-
546 285 642 317 non
673 275 859 335 apparet
890 260 999 335 quid
1035 271 1179 318 simus
1197 306 1213 332 ‚
1255 267 1400 318 multo
1428 266 1723 335 minusquid

148 353 338 405 erimus.
359 397 361 401 ,

218 425 374 479 Vitam
395 423 488 476 Dei
512 444 637 477 nunc
653 428 699 476 in
722 428 884 491 spiritu
912 429 1086 475 tantum
1108 425 1412 491 possidemus.

220 514 395 568 Semen
415 514 638 566 habemus
660 515 840 580 gloriae;
870 515 954 565 sed
977 517 1092 564 sicut
1125 517 1170 572 in
1192 516 1371 564 semine
1404 531 1497 564 non
1534 520 1723 580 apparet

153 594 314 651 arbor;
342 595 407 642 sic
425 609 511 641 nec
531 594 577 641 in
599 590 739 655 gratia
755 630 768 653 ‚
793 609 871 641 seu
895 594 943 641 in
961 591 1052 641 hoc
1082 594 1238 656 gratiae
1266 599 1381 641 statu
1400 627 1412 649 ,
1435 598 1622 656 apparet
1644 590 1724 640 di·-

151 671 278 719 vinae
298 668 525 717 filiationis
545 667 780 726 nobilitas,
810 668 973 732 gloria,
1000 666 1188 718 felicitas
1209 705 1223 728 ‚
1258 668 1570 718 immortalitas
1588 705 1604 731 ‚
1633 675 1723 719 ete.

216 744 342 798 Tota
361 746 459 797 haec
478 745 617 810 gloria
643 746 811 797 residet
826 750 873 797 in
894 744 1078 797 Christo
1097 784 1110 809 ,
1131 749 1276 814 capite
1296 756 1454 797 nostro
1473 784 1486 810 ‚
1507 750 1584 812 qui
1606 748 1722 797 abs-

152 827 365 878 conditus
387 833 456 877 est
477 828 525 875 in
551 827 653 875 sinu
674 824 786 876 Dei.

222 912 317 965 Sed
343 930 481 978 euge,
507 916 654 963 anima
675 914 808 963 mea!
841 930 935 961 non
976 929 1158 977 semper
1195 913 1465 963 abscondita
1502 914 1586 963 erit
1627 913 1721 962 vita

156 1001 256 1051 tua3
291 991 478 1042 tandem
514 993 747 1057 apparebit
773 993 881 1058 quid
914 995 970 1043 sit
999 1009 1100 1043 esse
1132 993 1270 1042 filium
1296 990 1418 1056 Dei,
1453 1000 1620 1057 quanta
1659 994 1718 1042 sit

158 1072 296 1136 hujus
315 1071 485 1121 divinae
508 1072 736 1123 filiationis
762 1073 917 1138 gloria.

219 1154 340 1208 Cum
358 1154 567 1208 Christus
589 1161 636 1209 in
657 1159 881 1209 mundum
903 1158 1041 1222 judex
1060 1156 1252 1220 redibit,
1281 1157 1580 1222 gloriamqme
1594 1173 1723 1206 suam

151 1237 538 1300 manifestaverit,
556 1247 665 1289 tunc
680 1247 724 1290 et
741 1256 828 1288 nos
853 1238 1173 1304 apparebimus
1205 1255 1307 1286 cum
1324 1236 1396 1286 illo
1412 1236 1620 1301 gloriosi,
1638 1236 1725 1302 ipsi

152 1312 275 1365 fratri
293 1323 448 1364 nostro
467 1352 481 1377 ‚
503 1313 789 1376 conformeS,
816 1313 923 1365 Deo
940 1317 1052 1379 patri
1077 1322 1236 1363 nostro
1257 1314 1444 1364 similes.

219 1404 405 1453 Scimus
430 1407 653 1471 quoniam
697 1406 802 1453 ciam
843 1405 1148 1469 apparuerit,
1181 1405 1359 1453 similes
1397 1405 1444 1453 ei
1465 1404 1715 1454 erimus...-

151 1484 310 1548 primae
340 1479 481 1534 Joan.
517 1501 614 1549 cap.
641 1480 690 1534 3.
715 1478 770 1542 fi.
796 1480 841 1533 3.
866 1483 1086 1547 quoniam
1111 1482 1389 1546 videbimus,
1415 1492 1504 1533 etc.

221 1567 405 1619 Similes
441 1574 486 1619 in
522 1578 677 1619 men-te
695 1607 708 1631 ‚
752 1588 834 1635 per
868 1572 1070 1634 speciem
1099 1567 1193 1620 Dei
1223 1587 1486 1636 expressam
1504 1607 1518 1633 ‚
1546 1587 1627 1620 seu
1647 1586 1730 1635 per

154 1647 349 1696 verbum
372 1651 571 1709 mentis,
606 1644 758 1703 simile
781 1646 891 1705 Deo
920 1650 1162 1713 ipsumque
1188 1647 1246 1697 ad
1279 1650 1438 1699 vivum
1464 1666 1727 1715 repraesen-

153 1728 273 1771 tans.

222 1806 405 1861 Similes
428 1812 475 1860 in
510 1811 749 1876 qualitate,
778 1813 950 1870 sancti,
980 1811 1126 1868 beati,
1170 1810 1478 1873 immortales,
1506 1813 1724 1875 impassi-

152 1885 295 1947 biles,
322 1887 518 1951 gloriosi.
542 1885 730 1936 Humile
751 1905 913 1952 corpus
935 1896 1139 1937 nostrum
1163 1888 1491 1952 configuratum
1510 1891 1592 1940 erit
1614 1906 1719 1940 cor-

152 1964 255 2026 pori
276 1961 482 2011 claritatis
504 1959 691 2012 Christi.

219 2046 358 2099 Tunc
402 2048 640 2112 apparebit
670 2050 777 2113 quid
803 2051 860 2098 sit
886 2066 987 2098 esse
1022 2049 1083 2098 fi¹'
1073 2068 1165 2099 turn
1201 2047 1321 2110 Dei,
1360 2068 1441 2100 seu
1463 2059 1637 2116 quanta
1661 2051 1716 2102 sit

153 2122 322 2178 divinae
346 2125 571 2174 filiationis
594 2124 833 2185 nobilitas,
854 2124 1021 2189 gloria,
1051 2125 1256 2187 felicitas,
1286 2134 1372 2176 etc.

225 2199 344 2252 Haec
367 2205 512 2268 cogita
531 2211 576 2252 et
600 2213 754 2253 mente
772 2203 989 2265 revolve,
1017 2212 1066 2253 ut
1088 2214 1131 2253 et
1156 2207 1265 2254 vitae
1287 2207 1520 2270 praesentis
1546 2205 1708 2255 excel-

151 2279 289 2329 lentia
307 2317 319 2341 ‚
351 2290 395 2331 et
419 2282 580 2332 suturae
603 2285 709 2331 vitae
735 2282 876 2347 gloria
901 2285 1113 2333 animeris
1144 2283 1202 2333 ad
1225 2284 1381 2334 divine
1408 2284 1638 2350 agendum
1666 2293 1715 2334 et

149 2355 208 2404 ad
230 2354 472 2406 christiane
495 2361 775 2422 patiendum.

217 2429 285 2495 fi.
314 2433 359 2482 5.
386 2434 674 2499 Mortficate
695 2455 799 2500 ergo
822 2440 1030 2487 membr-a
1053 2447 1278 2488 vestm...-

220 2515 331 2567 Hoc
354 2527 402 2568 ut
427 2522 486 2568 ita
512 2523 569 2569 sit
599 2522 645 2569 in
670 2523 828 2582 vobis,
867 2524 1064 2584 scilicet,
1107 2533 1154 2573 ut
1187 2526 1437 2588 appareatis
1471 2523 1712 2589 aliquando

150 2595 332 2661 gloriosi
352 2636 362 2655 ,
391 2601 579 2663 sitisque
605 2596 787 2649 Christo
810 2602 1066 2652 conformes
1090 2612 1135 2653 et
1162 2601 1265 2652 Deo
1288 2602 1481 2662 similes3

218 2677 509 2740 Mortificate
531 2695 653 2728 nunc
672 2678 835 2731 terreni
859 2685 1029 2743 vestri,
1054 2700 1133 2732 seu
1158 2685 1326 2732 veteris
1349 2682 1550 2733 hominis
1568 2684 1647 2747 qui
1666 2684 1713 2732 in

147 2751 282 2801 vobis
303 2761 399 2814 est,
421 2758 630 2803 membra
645 2789 659 2815 ‚
689 2755 737 2806 id
756 2765 846 2821 est,
865 2776 1030 2824 pravos
1049 2758 1236 2809 affectus
1255 2797 1270 2823 ,
1298 2768 1344 2809 et
1369 2761 1710 2826 concupiscen*

145 2832 225 2880 tiae
248 2839 399 2880 motus
425 2832 482 2881 ad
505 2833 746 2884 deteriora.

209 2906 333 2959 Nota
355 2912 502 2975 quod,
531 2914 644 2962 sicut
661 2917 814 2964 omnia
841 2922 1028 2981 peccata
1046 2914 1178 2965 simul
1201 2923 1244 2965 et
1271 2915 1508 2966 collective
1531 2922 1710 2980 sumpta
