1806 3164
0 0 92 149 gt
514 89 738 128 Tniecssx
771 86 1052 124 ExposmO.
1087 67 1207 137 Cap.
1233 67 1324 121 VI.
1605 68 1702 139 169

41 173 43 178 ’
134 167 282 219 servis
297 165 491 225 vestris-3
515 162 568 219 idf
578 170 645 213 est
661 199 675 223 ‚
697 159 898 217 humane
923 160 1124 224 benigne
1138 195 1153 222 ,
1174 166 1221 209 et
1255 156 1483 209 benevole
1504 174 1590 209 vos
1606 175 1702 223 ge·-

135 243 222 292 rite
246 256 351 305 erga
371 237 468 288 illos
483 273 497 299 ‚
521 238 716 287 scientes
739 234 863 302 quod
885 250 1182 285 communem
1216 231 1472 284 Dominum
1499 242 1546 284 et
1574 233 1704 297 judi-

139 335 242 370 cem
260 315 441 367 habetis
469 317 519 365 in
541 314 658 365 coelo
673 351 686 377 ‚
721 317 800 382 qui
825 330 922 364 non
945 329 1162 379 personas
1183 314 1393 377 respicit,
1415 313 1502 363 sed
1523 315 1706 363 merita.

206 395 297 462 De:
313 404 508 458 caetero,
526 394 685 447 fratres
706 398 823 457 mei,
844 393 985 444 sortes
1005 401 1154 444 estote
1170 429 1182 453 ‚
1209 395 1331 443 vires
1356 400 1402 443 et
1425 395 1603 444 animos
1629 411 1707 444 su-

138 479 251 528 mite
278 477 327 526 in
347 470 555 525 Domino
583 470 758 524 Nostro
789 469 904 542 Jesu
936 466 1146 532 Christe,
1172 476 1220 519 et
1249 472 1295 520 in
1328 472 1506 535 potenti
1541 473 1706 522 virtute

141 556 257 619 ejus,

208 630 394 684 Induite
423 645 509 678 vos
540 627 722 693 plenam
746 634 793 676 et
823 627 1083 675 universam
1107 631 1379 674 armaturam
1417 621 1506 675 Dei
1527 661 1540 685 ,
1573 620 1660 691 qua
1680 627 1707 675 a

142 708 290 777 capite
313 704 372 758 'ad
389 705 499 756 talos
518 703 661 769 usque
679 705 862 764 armati,
881 704 1062 774 possitis
1081 703 1291 751 resistere
1308 700 1535 750 insidiosis
1558 709 1606 750 et
1623 718 1706 750 as-

141 790 250 839 tutis
269 784 437 835 diaboli
461 783 699 835 insultibus
717 818 733 844 ‚
759 782 949 846 illosque
971 783 1118 830 irritos
1136 779 1346 830 redderffl

214 859 451 925 Quoniam
473 859 723 910 colluctatio
746 866 901 908 nostra
919 874 1015 907 non
1039 865 1108 906 est
1130 865 1285 909 contra
1307 856 1520 907 homines
1538 895 1552 920 ‚
1575 875 1709 908 carne

146 949 192 992 et
215 942 434 1006 sanguine
452 945 746 1007 constantes,
773 945 818 987 et
840 944 1173 1001 consequenter
1191 936 1427 992 infirmos:
1462 955 1463 959 ¹
1515 955 1517 957 ·

214 1014 309 1067 Sed
330 1023 486 1067 contra
505 1017 684 1081 spiritus
710 1015 1081 1081 potentissimos,
1108 1013 1277 1063 scilicet
1301 1022 1456 1063 contra
1482 1015 1710 1080 principa·
1791 1070 1804 1076 ,

145 1100 244 1155 ωε,
268 1100 423 1142 contra
447 1099 696 1158 potestates
711 1129 724 1153 ‚

215 1164 387 1219 Contra
409 1168 642 1218 daemones
663 1166 789 1229 illos,
815 1168 889 1234 qui
914 1168 960 1217 in
981 1164 1073 1217 hoc
1104 1168 1394 1217 tenebricoso
1419 1167 1594 1218 mundo
1614 1167 1708 1218 do-

144 1249 404 1305 minantum

218 1320 390 1374 Contra
413 1321 663 1387 spirituales
688 1323 935 1387 nequitias,
957 1338 1039 1372 seu
1062 1323 1243 1387 spiritus
1268 1321 1520 1373 nebulones
1542 1331 1587 1373 et
1613 1339 1713 1373 ne·-

147 1421 313 1470 quam,

220 1477 317 1542 Qui
343 1480 391 1529 in
415 1476 507 1528 hoc
525 1494 629 1528 aere
656 1477 845 1544 degunt,

219 1575 339 1629 Cum
363 1577 472 1628 tales
492 1571 697 1627 habeatis
725 1574 883 1627 hostes
901 1612 917 1638 ,
944 1576 1184 1642 propterea
1212 1580 1426 1629 assumite
1451 1581 1712 1632 universam

151 1663 418 1707 armaturam
438 1653 558 1715 Dei,
591 1662 642 1705 ut
665 1653 746 1712 iuss
763 1655 908 1706 induti
927 1693 943 1717 ‚
970 1658 1152 1722 possitis
1177 1657 1306 1707 illaesi
1327 1660 1537 1708 resistere
1559 1662 1606 1710 in
1630 1678 1715 1726 pe-

150 1734 343 1785 riculoso
361 1735 622 1784 tentationis
640 1733 740 1790 die;
765 1741 810 1783 et
829 1751 912 1798 per
933 1736 1110 1795 omnia,
1131 1743 1176 1784 et
1192 1736 1237 1784 in
1261 1737 1474 1786 omnibus
1492 1736 1710 1803 perfecti,

151 1828 232 1862 seu
254 1809 453 1879 perfecte
474 1812 662 1872 armati,
688 1818 806 1859 stare
826 1816 872 1859 et
893 1812 1096 1860 vincere.

227 1905 362 1960 State
380 1926 489 1973 ergo
507 1911 555 1957 in
578 1909 730 1972 praelio
753 1910 1057 1958 circumcincti
1078 1911 1268 1959 veritate
1290 1918 1503 1976 tanquam
1537 1911 1713 1976 balteo,

69 2020 86 2030 f
155 1996 201 2038 et
218 1990 431 2053 justitiam
450 1987 596 2037 induti
618 1990 741 2052 quasi
764 1987 963 2037 loricam.

222 2101 286 2155 Et
314 2120 461 2154 ocreae
480 2110 641 2152 vestrae
669 2103 759 2151 sint
784 2102 924 2150 animi
958 2104 1095 2152 vestri
1122 2105 1387 2167 praeparatio
1411 2102 1469 2153 ad
1495 2101 1711 2170 Evange-

153 2183 289 2245 linm,
307 2191 404 2234 tum
425 2182 627 2232 moribus
647 2181 1023 2245 exprimendum,
1056 2191 1152 2233 tum
1173 2184 1325 2233 verbis
1354 2185 1712 2235 annuntiandum

152 2267 201 2309 et
226 2258 620 2325 propugnandum.

222 2351 280 2403 In
305 2356 519 2404 omnibus
539 2356 863 2405 tentationibus
884 2357 1050 2406 sumite
1069 2363 1244 2406 scutum
1268 2355 1376 2406 fidei
1397 2375 1410 2405 :
1432 2355 1523 2406 hoc
1543 2360 1716 2424 quippe

156 2428 325 2497 clypeo
352 2431 503 2479 omnia
533 2428 675 2480 hostis
709 2434 875 2494 vestri,
899 2431 1010 2484 licet
1041 2435 1363 2494 versutissimi,
1401 2433 1571 2498 jacula,
1608 2435 1715 2487 licet

154 2512 292 2576 ignita
307 2546 321 2572 ,
347 2517 391 2559 et
411 2509 532 2560 velut
551 2511 666 2575 ignis
686 2515 989 2577 penetrantia,
1009 2513 1234 2579 repelletis
1262 2523 1305 2564 et
1330 2516 1643 2580 exstinguetis.

221 2604 286 2659 Et
305 2626 411 2675 spes
438 2608 498 2659 de
526 2607 667 2658 salute
687 2606 882 2672 aeterna,
907 2627 965 2659 ex
987 2606 1157 2660 Christi
1184 2613 1355 2660 meritis
1377 2620 1596 2678 concepta
1614 2649 1629 2676 ,
1653 2616 1712 2665 sit

153 2685 289 2735 vobis
310 2689 434 2751 quasi
454 2685 604 2752 galea;
631 2693 677 2735 et
703 2688 894 2736 verbum
917 2683 1009 2736 Dei
1030 2688 1087 2735 sit
1109 2686 1281 2752 gladius
1302 2697 1470 2739 vester.

224 2794 302 2847 Sic
321 2801 346 2847 a
368 2801 511 2864 capite
531 2801 589 2850 ad
605 2802 716 2852 talos
737 2801 921 2861 armati,
946 2797 1098 2850 Deum
1116 2801 1293 2853 assidue
1320 2803 1549 2868 invocate,
1570 2809 1710 2860 corde

152 2879 202 2922 et
226 2875 381 2924 animo
396 2911 409 2936 ,
436 2877 703 2930 omnimoda
725 2881 928 2930 oratione
949 2883 996 2927 et
1022 2893 1126 2927 curn
1157 2880 1283 2928 omni
1306 2881 1547 2939 instantiaz
1579 2891 1626 2934 et
1650 2885 1708 2935 ad

320 2975 398 3014 xv.
1466 2965 1500 3017 8
