1800 3158
24 80 40 99 f
163 57 268 112 316
584 75 847 115 EPtsTOLAE
879 78 950 114 An
985 35 1326 121 comsseusr-:s

165 151 332 215 nisque
354 142 509 199 motus
535 143 882 216 supernaturalis
905 153 1082 217 gratiae,
1107 153 1164 204 de
1183 140 1328 224 cujus
1341 130 1733 240 plenfflqaeyzos

167 244 328 276 omnes
345 227 649 291 accepi-mua
1379 283 1395 292 ,,
1465 285 1473 291 ,

232 304 355 356 Ille·
342 324 442 370 ipse
470 308 573 371 qui,
595 313 644 356 ut
664 304 823 372 Deus,
857 326 1007 359 rerum
1031 313 1236 361 omnium
1254 315 1526 383 principium
1554 275 1663 386 θεῖ’,

234 384 301 437 Ut
324 386 469 436 homo
485 422 500 449 ‚
527 388 828 453 principium,
848 387 953 439 fons
976 397 1021 439 et
1042 398 1199 440 auctor
1222 399 1292 442 est
1310 398 1652 451 resurrectionis
1670 398 1731 449 ad

165 465 308 515 vitam
327 464 587 529 gloriosam.

233 539 351 592 Ille'
339 558 438 607 lpse
461 544 577 607 qui,
597 549 642 591 ut
662 538 790 592 Deus
805 579 818 602 ‚
844 545 1179 618 primogenzlus
1203 555 1273 595 est
1292 544 1446 600 omnis
1467 559 1692 602 creatum
1708 590 1728 618 ,

234 617 300 670 Ut
319 618 492 682 homo,
534 621 870 684 primogenitus
901 620 973 671 est
1004 626 1334 689 resurgentium
1370 625 1429 675 ad
1450 628 1728 698 immortali-

163 707 334 751 tatem·
323 738 335 759 ‚
1714 718 1717 724 '

241 781 307 831 Ut
325 781 387 829 sit
419 782 467 829 in
494 782 710 831 omnibus
739 785 835 847 ipse
865 783 1120 846 primatum
1147 792 1321 836 tenens.

230 856 309 909 Ex
333 859 599 925 supradictis
621 859 848 909 concludit
881 856 1130 925 Apostolus
1165 864 1288 928 quod
1313 848 1519 916 Christus
1545 863 1727 921 Domi-

81 934 91 940 ’
162 948 252 987 nus
274 946 321 987 et
345 937 596 986 secundnm
620 937 822 986 divinam
840 976 854 1001 ‚
880 945 931 995 et,
952 940 1201 989 secundum
1223 940 1468 992 humanam
1485 953 1689 998 naturam
1708 984 1731 1012 ,

162 1017 211 1066 in
234 1017 446 1065 omnibus
470 1017 712 1079 primatum
735 1015 918 1066 habeah
1548 1063 1552 1066 ,

232 1090 419 1173 Quippe
445 1095 550 1158 qui,
583 1101 631 1143 ut
658 1091 783 1143 Deus
802 1130 815 1155 ‚
852 1113 932 1160 per
954 1112 1080 1144 suam
1101 1097 1444 1159 generationem
1474 1106 1692 1150 aeternam
1707 1112 1729 1163 ‚'

163 1182 233 1225 est
264 1180 368 1222 ante
406 1173 591 1235 omnia,
625 1179 782 1235 utpote
819 1190 898 1238 per
923 1191 1058 1240 quem
1081 1175 1268 1236 omnia,
1305 1175 1353 1223 in
1377 1191 1468 1240 quo
1498 1179 1655 1228 omnia
1679 1185 1727 1228 et

162 1250 220 1300 ad
244 1266 380 1316 quem
401 1251 568 1298 omnia.

232 1327 299 1383 Ut
338 1329 510 1387 homo,
551 1344 633 1391 per
658 1342 785 1375 suam
820 1329 1198 1376 resurrectionem
1227 1327 1496 1392 gloriosam,
1527 1292 1730 1394 θείῇῐι-

161 1427 264 1460 mus
304 1409 633 1471 resurgentium
664 1405 722 1454 ad
750 1407 891 1454 vitam
921 1405 1253 1466 immortalem3
1277 1408 1447 1472 primus
1478 1413 1727 1473 tempore,

162 1487 380 1552 dignitate
401 1493 448 1533 et
465 1484 738 1543 causalitate.

230 1559 414 1611 Primus
453 1562 575 1608 enirn
620 1560 826 1607 omnium
861 1561 1138 1619 resurrexit,
1175 1575 1411 1625 nunquam
1445 1559 1722 1617 moriturus;

160 1639 304 1702 ipsius
324 1636 593 1685 resurrectio
619 1643 687 1684 est
712 1635 943 1700 exemplar
967 1643 1013 1684 et
1039 1652 1173 1684 causa
1194 1643 1362 1686 nostrae
1382 1636 1725 1709 resurrectionis

161 1713 338 1765 futurae

234 1799 305 1866 ᾗ.
331 1820 410 1870 ¹9·
436 1800 606 1864 Quia
586 1820 634 1848 m
658 1803 756 1866 ipso
781 1795 1082 1866 complacuit
1075 1817 1268 1863 ⁴omnem
1297 1800 1667 1863 plenitudinem'
1647 1816 1729 1848 m·-

163 1879 414 1937 habitem,
442 1878 492 1926 id
518 1886 619 1939 est,

236 1956 358 2021 Quia
379 1955 508 2007 Patri
526 1965 696 2006 aeterno
726 1963 770 2004 et
794 1954 963 2004 coelesti
992 1955 1176 2019 'placuit
1197 1972 1379 2003 omnem
1399 1955 1645 2017 gratiarum
1681 1961 1729 2003 et
1798 1952 1800 1956 ’

95 2032 97 2034 ’
164 2036 495 2105 perfectionum
511 2035 845 2100 plenitudinem
871 2039 919 2082 in
946 2029 1130 2083 Christo
1154 2034 1424 2082 inhabitare
1441 2036 1662 2100 perpetuo
1681 2038 1730 2082 et

167 2112 544 2178 inseparabiliter.
1647 2103 1651 2106 ’

697 2274 848 2311 NOTAE
882 2270 1221 2307 LITTfflALEs.

241 2402 367 2456 Nota
391 2407 555 2469 primo,
585 2404 883 2469 complacuit,
920 2400 1011 2451 Dei
1038 2400 1381 2466 beneplacitum
1411 2400 1525 2463 suit,
1558 2400 1734 2466 benig-

173 2499 235 2533 na
265 2478 412 2530 Patris
450 2479 531 2529 fuit
566 2479 806 2539 voluntas,
852 2495 946 2526 non
983 2474 1153 2526 Christi
1189 2478 1438 2535 meritum;
1475 2492 1563 2528 nec
1607 2475 1734 2524 enim

174 2560 294 2611 hanc
312 2562 551 2626 gratiarum
577 2558 907 2624 plenitudinem
931 2558 1206 2622 promeruit,
1234 2554 1318 2605 sed
1341 2552 1433 2606 Dei
1453 2554 1736 2618 benignitate

179 2639 280 2688 data
314 2638 396 2687 suit
427 2640 483 2686 ei.
1761 2693 1771 2703 1

251 2717 379 2768 Hinc
407 2714 620 2767 Clu-istus
643 2725 712 2766 est
738 2717 970 2780 exemplar
1001 2719 1151 2780 gratiae
1171 2752 1185 2779 ‚
1213 2716 1326 2764 sieut
1362 2721 1409 2764 et
1434 2711 1739 2781 praedestina-
1758 2723 1780 2782 ,ᾗ

181 2798 321 2848 tionis
346 2815 356 2844 :
382 2795 604 2862 quidquid
630 2794 799 2859 habet,
834 2799 968 2859 gratis
999 2794 1139 2845 habet
1176 2801 1220 2844 et
1246 2809 1306 2843 ex
1330 2791 1430 2843 solo
1466 2789 1558 2844 Dei
1577 2791 1740 2842 bene—
1759 2779 1800 2865 2}

181 2873 362 2942 placito·
