1800 3158
325 126 333 133 ¹
386 96 396 127 Ὗ.
418 77 656 136 -ffnjpzssx
690 76 977 126 EXPQSITIO.
1005 57 1126 126 Cap.
1160 57 1246 111 II.
1469 35 1483 43 a
1540 59 1644 124 413.

104 153 220 214 „Ad
245 170 363 208 e‘utn¹
382 153 575 217 modum
601 170 687 208 nos
716 154 1023 203 amantissime
1062 168 1167 216 erga
1190 167 1276 200 vos
1304 147 1456 209 affecti
1479 148 1641 209 (sicut

69 223 225 289 nutrix
246 253 352 302 erga
373 234 489 286 filios
509 232 685 295 suos),
715 234 1012 296 cupiebamus
1038 247 1098 280 ex
1118 232 1273 280 animo
1287 266 1301 293 ,
1336 247 1432 280 non
1464 232 1642 293 tanturn

70 312 242 366 Christi
262 310 571 378 Evangelium
594 311 731 361 vobis
754 310 960 367 tradere;
1410 374 1414 380 Ι

139 392 236 446 Sed
255 397 300 447 et
318 397 462 445 vitam
481 411 664 461 quoque
683 401 889 442 nostram
906 393 1039 441 vobis
1061 388 1330 455 impendere
1353 393 1478 451 (non
1498 402 1639 457 prop-

0 515 7 520 .
69 482 143 525 ter
185 481 392 524 nostrum
432 471 614 540 aliquod
651 469 871 531 lucrum)
901 507 914 534 ‚
951 469 1036 519 sed
1061 467 1171 535 ‘quia
1213 466 1465 518 charissimi
1505 468 1641 518 nobis

74 555 199 603 estis-

143 624 255 687 (Ita
273 644 358 677 vos
383 626 696 687 dileximus),
728 635 801 687 ut,
838 644 897 676 ne
923 643 1198 692 quemquam
1228 624 1431 676 vestrum
1468 643 1641 692 grava-

70 723 250 768 remus,
273 714 409 756 nocte
433 714 479 756 et
497 705 572 754 die
592 705 973 765 laboraverimus,
1001 703 1304 770 praedicantes
1325 705 1459 753 vobis
1480 701 1643 754 Evan-

67 772 237 849 gelium
260 780 352 833 Dei
370 801 480 832 :vos
500 785 585 846 ipsi
608 784 731 832 scitis
747 791 792 831 et
807 798 1034 831 memores
1050 784 1158 831 estis
1175 784 1351 847 quoties
1370 798 1466 848 prae
1485 782 1641 833 labore

70 855 238 924 fatigati
264 861 503 928 lassatique
521 860 755 911 fuerimus.

19 986 22 987 a
104 955 106 957 ’
140 937 241 991 Vos
279 941 403 1005 ipsos
439 946 579 989 testes
616 939 794 1003 appello
824 976 839 1001 ,
878 940 972 988 imo
1013 947 1057 988 et
1098 935 1250 987 Deum
1291 939 1439 1002 ipsum
1475 947 1644 991 testem

68 1015 257 1079 adjuro,
287 1015 458 1065 scilicet
493 1019 628 1080 quam
653 1020 808 1065 sancte
829 1053 842 1077 ‚
869 1024 914 1064 et
937 1018 1051 1078 juste
1068 1053 1081 1076 ,
1118 1024 1163 1065 et
1187 1015 1645 1082 irreprehensibiliter

72 1093 314 1143 vobiscum
333 1128 348 1153 ,
376 1093 452 1156 qui
474 1092 753 1153 credidistis,
783 1094 1037 1140 conversati
1068 1090 1301 1141 fuerimus.

139 1165 302 1220 Nostis
343 1185 525 1235 quoque
582 1167 976 1233 quemadmodum
1022 1186 1397 1236 unumquemque
1440 1167 1645 1223 vestrum

70 1246 309 1313 (proinde
335 1264 387 1296 ac
412 1246 681 1312 pater0filios
703 1247 846 1306 suos)

138 1340 364 1394 Precibus
383 1337 608 1392 exhortati
630 1341 844 1391 fuerimus
871 1342 886 1399 (
907 1341 962 1390 ad
985 1342 1095 1391 fidei
1119 1345 1427 1392 constantiam
1448 1341 1503 1403 );

138 1419 375 1474 Consolati
396 1424 537 1471 simus
562 1430 751 1470 moestos
782 1420 880 1480 (ob
902 1422 1280 1486 persecutiones)
1301 1443 1313 1479 ;

134 1495 361 1563 Denique
386 1498 598 1546 obtestati
637 1498 778 1546 simus
802 1504 850 1545 ut
878 1499 1020 1546 vitam
1047 1496 1273 1546 duceretis
1294 1493 1399 1545 Deo
1425 1494 1610 1559 dignam
1627 1510 1649 1559 ,²

140 1574 238 1639 Qui
264 1592 369 1637 vos,
398 1573 535 1641 opera
558 1573 711 1625 nostra
728 1612 740 1636 ,
763 1578 947 1626 vocavit
966 1578 1012 1625 in
1039 1593 1173 1626 suum
1194 1593 1386 1641 regnum
1412 1592 1647 1640 suamque

67 1655 258 1720 gloriam
273 1692 288 1717 ,
314 1655 361 1705 id
381 1664 477 1718 est,
504 1655 561 1705 ad
583 1652 854 1705 Ecclesiam.

138 1731 253 1784 Ideo
283 1741 328 1784 et
363 1751 449 1783 nos
474 1734 652 1784 assidue
691 1732 797 1784 Deo
832 1736 994 1797 gratias
1035 1736 1210 1797 agimus
1249 1732 1397 1796 quod,
1434 1734 1537 1780 curn
1563 1749 1647 1796 per

70 1819 269 1862 nostram
294 1811 664 1876 praedicationem
687 1811 901 1860 audiretis
925 1810 1120 1858 verbum
1141 1807 1262 1867 Dei,
1290 1825 1369 1857 seu
1390 1806 1646 1858 doctrinam

80 1889 392 1953 evangelicam
411 1906 424 1946 ς

138 1964 411 2031 Suscepistis
457 1966 606 2027 illam,
635 1982 731 2015 non
772 1973 822 2014 ut
861 1965 1116 2016 doctrinam
1154 1965 1427 2027 hominum,
1470 1980 1549 2013 seu
1585 1965 1642 2014 ab

74 2043 345 2095 hominibus
371 2047 608 2095 inventam
632 2064 644 2094 :

133 2119 227 2172 Sed
248 2130 296 2172 ut
318 2131 387 2173 est
407 2126 596 2183 revera,
622 2124 817 2173 verbum
842 2120 963 2185 Dei,
988 2141 1067 2174 seu
1094 2124 1297 2174 doctrina
1325 2126 1349 2172 a
1373 2120 1479 2173 Deo
1503 2141 1642 2175 reve·

64 2196 153 2248 lata
176 2197 340 2264 (quod
362 2216 422 2248 ex
442 2201 551 2264 ipsis
577 2198 816 2249 esfectibus
838 2201 1172 2250 demonstratur
1193 2199 1216 2261 )
1235 2238 1248 2264 ,
1287 2203 1390 2250 cum
1425 2209 1639 2265 potenter

67 2283 285 2339 operetur
303 2277 350 2323 in
376 2276 509 2325 vobis
532 2277 843 2327 credentibus.

137 2347 236 2402 Vos
257 2354 378 2400 enim
408 2353 653 2402 imitatores
687 2353 792 2403 facti
827 2357 934 2404 estis
959 2354 1250 2405 ecclesiarum
1283 2355 1632 2406 christianorum

68 2446 170 2498 quae
191 2430 362 2479 suntin
399 2426 591 2487 Judaes;
627 2432 787 2482 eadem
821 2435 990 2498 quippe
1025 2437 1141 2499 passi
1176 2438 1284 2485 estis
1309 2438 1333 2484 a
1369 2436 1640 2485 concivibus

67 2510 253 2568 vestris,
283 2522 384 2573 quae
412 2504 569 2556 Judaei
593 2507 821 2559 christiani
845 2514 870 2559 a
895 2514 986 2560 suis
1023 2512 1352 2561 contribulibus
1384 2511 1640 2572 (incarce-

66 2586 149 2634 rati
172 2582 317 2634 fuistis
334 2619 349 2646 ,
378 2586 582 2649 rapinam
602 2584 829 2633 bonorum
858 2594 1116 2635 vestrorum
1140 2584 1368 2636 tolerastis
1390 2585 1432 2647 ).

138 2704 234 2832 0ξί
270 2702 429 2758 Judaei
452 2706 708 2760 Dominum
735 2709 896 2762 Jesum
933 2713 1200 2763 occiderunt
1225 2720 1270 2763 et
1291 2730 1398 2763 suos
1427 2716 1640 2779 proprios

69 2801 188 2851 prop
226 2792 346 2843 etas;

137 2858 232 2925 Qui
255 2870 302 2912 et
321 2878 406 2912 nos
434 2858 684 2928 Apostolos
706 2873 1058 2933 persequuntur-3
