1800 3158
383 126 386 130 »
442 103 659 147 mmm
699 100 994 143 nxposmo.
1031 86 1150 154 Cap.
1184 85 1280 138 112
1531 85 1637 150 [ηρ

130 187 250 241 Tria·
267 188 352 240 hic
365 195 494 239 notat
512 188 622 237 vitia
644 181 1139 251 pseudoapostolorum
1156 218 1169 238 ,
1195 179 1370 230 scilicet
1386 216 1400 243 ,
1418 172 1636 228 homiui-

66 268 154 318 bus
176 262 374 327 adulari,
409 270 636 331 quaestnm
675 278 736 312 ex
778 257 1036 324 Evangelio
1069 258 1258 319 venari,
1296 253 1485 320 gloriam
1508 268 1637 303 suam

108 359 301 396 uaerere.

68 363 100 412 q
137 420 213 488 y.
245 440 293 490 7‘·
320 421 442 471 ciam
475 435 714 486 possemus
751 417 887 466 vobis
911 415 1045 463 oneri
1071 430 1234 462 essem.
1254 408 1417 474 Pergit
1441 408 1637 474 probare

72 499 203 568 quod
220 515 311 549 nec
332 500 392 548 ob
411 498 644 547 avaritiam
658 531 671 556 ,
698 510 787 544 nec
806 493 867 542 ob
885 492 1072 557 gloriam
1097 489 1433 557 praedicaverit.

143 579 261 630 Ciam
279 592 522 643 possemus
556 575 689 626 vobis
709 574 841 622 oneri
866 590 991 633 esse,
1018 569 1065 619 id
1094 578 1197 632 est,
1236 568 1452 618 alimenta
1481 573 1526 616 et
1546 565 1634 617 alia

74 659 185 709 vitae
198 658 456 708 'necessaria
471 658 496 704 a
517 655 652 706 vobis
673 655 858 716 exigere
881 670 892 698 :

144 736 349 802 AEquum
376 738 506 786 venim
529 742 597 784 est
623 740 673 782 ut
704 734 781 797 qui
811 727 1066 795 Evangelio
1088 728 1260 786 servit,
1302 726 1362 776 de
1385 721 1641 788 Evangelio

74 818 216 866 vivat.
237 812 348 865 Hoc
372 811 579 864 Christus
603 796 919 861 ordinavit.‘1.
941 805 1050 857 Cor,
1077 825 1128 874 9.
1153 801 1219 866 yffi.
1246 805 1325 866 14.

142 888 371 952 Sedsacti
388 887 548 939 sumus
567 888 749 954 parvuli
769 888 819 935 in
848 886 998 934 medio
1017 881 1226 948 pestrdm
1245 918 1262 942 ‚
1288 881 1335 930 id
1364 888 1463 941 est,
1488 883 1645 928 nostro

77 970 169 1031 juri·
185 975 232 1017 et
256 968 507 1016 auctoritati
527 965 744 1015 cedentes
764 1000 778 1025 ,
803 980 891 1013 nec
914 969 1187 1028 potestatem
1215 959 1351 1009 ullam
1368 995 1381 1019 ‚
1408 973 1496 1007 nec
1529 971 1647 1005 auc·-

77 1048 306 1096 toritatem
351 1044 626 1108 allegantes,
650 1040 792 1106 facti
811 1059 971 1090 sumus
1008 1040 1223 1105 parvuli,
1260 1035 1459 1087 humiles
1481 1041 1526 1085 et
1561 1033 1648 1082 de-

79 1124 208 1172 missi
231 1124 351 1171 inter
371 1138 474 1171 vos·

59 1209 61 1211 ’
144 1197 273 1251 Ecce
293 1199 527 1251 humilitas
550 1200 775 1264 superbiae
796 1198 1020 1264 opposita.

155 1279 406 1345 Tanquam
439 1281 483 1327 si
503 1278 668 1326 nutrix
676 1275 843 1341 foveat
846 1275 989 1340 filios
1003 1294 1138 1335 suos,
1170 1273 1218 1324 id
1239 1280 1336 1333 est,
1366 1270 1474 1321 facti
1495 1285 1653 1320 sumus

80 1364 202 1436 inter
219 1375 304 1409 vos
337 1360 463 1424 quasi
487 1365 630 1408 mater
656 1359 807 1407 nutrix
828 1393 842 1420 ,
869 1373 976 1406 suos
1018 1358 1226 1424 proprios
1250 1354 1368 1406 filios
1398 1351 1564 1404 blande
1588 1349 1655 1401 fo-

80 1454 198 1490 vens
218 1445 262 1487 et
280 1438 504 1487 nutriens,
1264 1433 1268 1438 ’

151 1513 280 1568 Ecce
307 1515 609 1566 beneficentia
630 1522 676 1564 et
699 1512 938 1563 liberalitas
957 1513 1155 1562 avaritiae
1183 1513 1407 1578 opposita.

607 1672 765 1709 NOTAE
804 1673 1137 1719 LITTERALEs.

154 1804 280 1859 Nota
307 1810 456 1874 primo
473 1845 486 1867 ‚
515 1808 638 1874 quod
661 1809 830 1874 duplex
868 1811 1012 1875 possit
1044 1826 1144 1860 esse
1166 1825 1325 1860 sensus
1351 1806 1486 1871 hujus
1506 1810 1660 1863 nomi-

86 1885 186 1946 ni8‚
215 1885 363 1944 oneri,
390 1881 436 1931 ἐν
461 1880 625 1947 βάρει,

156 1957 342 2010 Primus
363 1978 374 2008 :
397 1963 529 2009 oneri
544 1961 676 2010 vobis
702 1978 798 2009 esse
815 1998 830 2024 ,
855 1960 1065 2012 alimenta
1096 1965 1334 2028 exigentes
1355 1966 1379 2012 a
1402 1964 1555 2014 vobis.

157 2034 397 2088 Secundus
415 2075 430 2100 ‚
465 2053 602 2104 quem
638 2048 888 2104 sequuntur
915 2040 1044 2090 multi
1080 2037 1233 2091 Graeci¹
1267 2043 1351 2089 :in
1378 2042 1583 2107 pondere
1609 2049 1658 2092 et

0 2175 3 2200 †
91 2119 358 2166 auctori-tate
395 2116 516 2183 apud
554 2133 640 2166 vos
682 2133 817 2176 esse;
846 2132 957 2179 seu,
999 2120 1103 2168 cum
1142 2134 1381 2183 possemus
1407 2120 1533 2185 apud
1565 2134 1652 2170 vos

90 2196 405 2245 auctoritatem
430 2195 567 2244 nobis
592 2195 852 2257 vindicare,
880 2205 932 2244 ut
953 2196 1172 2262 Apostoli
1190 2196 1387 2249 Christi.

144 2268 257 2320 >Sed
285 2274 486 2335 priorem
507 2281 618 2337 puto
657 2273 994 2336 naturaliorem‚
1013 2275 1116 2339 quia
1142 2289 1239 2323 vox
1260 2291 1419 2339 graeca,
1449 2269 1494 2322 ἒν
1512 2267 1662 2338 βάρει,

5 2365 7 2371 ·
97 2361 212 2394 onus
229 2383 242 2407 ‚
277 2364 491 2408 onerare,
536 2366 749 2411 gravare,
792 2350 911 2414 apud
944 2346 1217 2414 Apostolum
1261 2367 1509 2415 gravamen
1551 2368 1682 2402 sus-

8 2482 9 2488 *
95 2427 358 2476 tentationis
378 2425 637 2491 frequenter
657 2436 702 2476 et
722 2428 872 2477 multis
897 2430 943 2478 in
965 2429 1077 2479 locis
1099 2430 1353 2495 significat,
1371 2429 1528 2480 nullibi
1545 2444 1664 2480 auc-

8 2530 10 2533 ·
99 2503 329 2552 toritatem
352 2517 433 2550 seu
462 2503 728 2565 gravitatem
754 2506 1026 2553 auctoritatis
1048 2541 1060 2565 ‚
1088 2513 1137 2553 ut
1158 2505 1281 2553 bene
1306 2511 1432 2553 notat
1457 2500 1628 2556 Estius.

165 2577 292 2630 Nota
315 2581 542 2639 secundo,
566 2580 690 2644 quod
711 2582 790 2630 ubi
813 2591 966 2633 nostra
995 2581 1190 2648 Vulgata
1213 2581 1354 2632 habet
1379 2601 1390 2631 ε
1415 2584 1560 2631 Facti
1579 2599 1662 2632 su·

100 2675 208 2706 mus-
219 2662 415 2721 pomuli.
435 2655 599 2709 Graeca
619 2657 790 2710 habent
805 2698 820 2725 ,
846 2659 950 2711 facti
975 2679 1130 2712 sumus
1146 2662 1272 2711 lenes
1289 2697 1302 2722 ‚
1328 2660 1484 2712 blandi
1507 2677 1560 2712 ac
1577 2662 1663 2714 be-
1683 2703 1689 2709 .

100 2733 274 2783 nevoli.
1636 2781 1642 2794 l

173 2806 344 2873 Quoad
369 2827 553 2862 sensum
574 2849 587 2874 ‚
610 2829 767 2879 parum
795 2813 959 2877 refert‘,
1002 2819 1105 2865 cum
1140 2815 1314 2881 parvuli
1335 2817 1385 2865 in
1410 2812 1664 2882 Evangelio
1703 2821 1705 2827 ’

103 2888 288 2938 nobis&
315 2881 501 2939 Christo
518 2889 682 2941 dentur
699 2894 747 2941 in
782 2892 1045 2959 exemplum
1065 2892 1330 2944 humilitatis
1354 2904 1402 2945 et
1421 2883 1632 2944 lenitatis.
