1800 3158
479 76 699 130 mrum
731 90 1024 128 Exposmo.
1062 74 1176 140 Cap.
1215 71 1327 123 III.
1595 71 1693 139 437

121 156 123 158 ’
194 161 330 212 Sicut
353 164 555 246 oportuit
587 151 693 232 piati
717 165 970 215 Christum.
977 200 1007 215 ..
1040 165 1105 213 sie
1144 171 1335 229 oportet
1348 168 1442 230 pati
1469 164 1699 218 Christia-

133 254 278 299 num,
303 246 392 289 etc.

201 318 376 369 Omnes
405 321 487 384 qui
504 321 583 384 ρίὲ
603 322 765 370 volunt
784 324 931 371 vivere
962 322 1012 369 in
1037 320 1222 371 Christo
1249 318 1384 378 Jesn,
1404 317 1700 382 persecutr'o-
1783 382 1786 386 ‚

130 412 236 444 nem
257 400 518 460 patientur·
550 417 598 448 2.
615 395 743 450 Tim.
771 400 819 449 3.
847 419 926 450 12.

201 475 413 537 Regnum
441 477 659 526 coelorum
687 480 783 528 vim
806 480 1017 542 patitur,
1061 485 1106 524 et
1129 476 1321 525 ‘molenti
1348 475 1538 540 rapiunt
1568 474 1699 523 illud.

130 547 298 626 Matth.
323 569 341 599 1
359 569 510 602 1.12.

197 623 483 678 Necessario
505 626 759 676 vincendus
784 645 911 678 amor
935 629 1158 693 pecuniae,
1190 625 1431 690 voluptatis
1453 633 1498 679 et
1515 624 1698 690 gloriae:

141 716 202 766 ad
219 715 310 765 hoc
330 723 486 766 autem
509 718 579 766 vis
602 717 688 765 sibi
711 715 935 767 facienda.
956 713 1079 767 Vide
1100 708 1158 767 Ῠ.
1185 714 1231 765 3.
1255 723 1300 764 et
1324 715 1496 764 observ
1498 716 1700 764 ationem

133 795 370 846 moralem.

199 873 454 925 Utilitatem
478 883 523 924 et
544 875 737 940 gloriam
763 893 774 922 ε
795 873 1177 921 Mumentaneum
1202 882 1249 921 et
1273 875 1364 923 leve
1383 873 1699 922 tribulationis
1781 880 1785 890 ‘

133 959 304 1000 nostroe
324 970 464 1018 supra
494 953 683 999 modum
707 950 755 998 ιή
781 950 1095 1009 sublimitate,
1140 959 1364 999 aeternum
1389 952 1547 1014 glorioe
1570 969 1700 1015 pon-

137 1020 223 1070 dus
246 1031 465 1086 operatur
486 1024 533 1070 in
557 1025 703 1073 nobis.
728 1046 775 1076 2.
799 1024 906 1077 Cor.
922 1026 968 1087 Ι...
1003 1045 1080 1091 17.

198 1098 435 1164 Armeno,
461 1111 604 1153 mater
627 1106 800 1169 gloriae,
821 1106 883 1158 D.
908 1107 1250 1172 Hieronymus.

199 1177 335 1231 Certa
364 1189 499 1247 atque
534 1198 689 1231 secura
717 1192 786 1234 est
815 1187 1098 1249 exspectatio
1127 1186 1348 1250 promissa
1371 1184 1693 1248 beatitudinis,

132 1260 212 1309 ubi
238 1269 305 1322 est
325 1262 604 1326 participatio
626 1258 903 1313 Dominicae¹
917 1265 1156 1328 passionis.
1175 1260 1228 1312 S.
1255 1261 1374 1313 Leo.

204 1337 379 1391 Gloriae
406 1347 451 1390 et
490 1342 752 1405 passionum
778 1348 844 1390 est
868 1339 1079 1404 quaedam
1120 1342 1374 1404 proportio,
1411 1336 1535 1391 Vide
1568 1335 1638 1403 Y.
1664 1335 1697 1387 3

140 1426 185 1470 et
206 1418 253 1480 4.
279 1426 322 1469 et
349 1420 709 1470 observationes,

796 1547 1035 1594 secunno.

201 1665 344 1720 Aliud
363 1670 507 1719 breve
531 1675 580 1719 et
600 1668 769 1734 grande
791 1671 985 1718 verbum
1005 1685 1089 1734 pro
1113 1684 1163 1717 se
1184 1673 1314 1716 notet
1347 1671 1501 1729 pastor
1523 1667 1702 1728 aposto·
1768 1732 1776 1740 ί

132 1745 242 1797 licus
264 1765 274 1794 :
299 1743 538 1805 Vivimus,
560 1749 602 1796 si
621 1747 756 1796 statis
772 1748 819 1795 in
838 1747 1040 1795 Domino
1058 1782 1074 1805 ‚
1097 1737 1153 1798 fi,
1173 1742 1220 1793 8.

205 1820 385 1873 Ovium
408 1827 618 1873 sanctitas
639 1825 694 1872 sit
720 1824 910 1888 pastoris
940 1824 1048 1870 vita.

202 1895 397 1965 Absque
416 1898 470 1949 ea
488 1902 629 1949 vitam
649 1916 731 1964 pro
751 1897 894 1948 nihilo
913 1897 1060 1947 ducat.

201 1973 285 2025 Ad
305 1976 422 2026 illam
444 1976 599 2041 vigilet
617 2012 632 2037 ‚
660 1976 863 2033 laboret„
888 1976 1035 2025 vitam
1060 1976 1311 2041 impendat.

201 2050 349 2103 Notet
373 2056 506 2103 etiam
528 2054 691 2103 ardens
713 2049 785 2104 D.
810 2051 940 2103 Pauli
960 2054 1237 2104 desiderium
1259 2053 1715 2108 Thessalonicenses

133 2130 380 2192 visitandi,
411 2123 468 2181 Y,
496 2148 571 2191 10,
606 2130 780 2180 utillud
808 2132 1021 2181 imitetur.

201 2205 266 2258 Et
291 2210 336 2257 in
358 2210 561 2258 oratione
585 2207 649 2260 D.
669 2206 798 2259 Pauli
824 2227 905 2275 pro
924 2207 1419 2261 Thessalonicensibus
1439 2246 1452 2270 ‚
1481 2210 1702 2260 observet

134 2285 244 2352 quid
274 2285 510 2336 intendere
530 2295 576 2337 et
611 2287 720 2354 quid
750 2305 876 2338 orare
910 2287 1078 2338 debeat
1109 2291 1155 2339 in
1192 2306 1378 2339 suorum
1413 2287 1699 2338 subditorum

134 2359 410 2408 visitatione.
