1800 3158
467 141 692 180 anpmx
726 106 1016 177 Exposrrross
1056 122 1176 188 Cap.
1212 117 1327 172 111.
1569 117 1668 187 37¹
1708 149 1715 153 »
1771 183 1780 205 x

167 215 265 270 Hic
286 234 476 279 sensus,
499 217 609 267 licet
627 218 779 266 minus
800 215 1054 265 communis
1070 249 1085 275 ,
1109 211 1217 262 huic
1233 210 1334 261 loco
1353 217 1510 261 tamen
1525 205 1673 277 aptior

98 295 282 347 videtur
298 332 312 358 ,
341 296 418 361 qui
439 301 508 343 est
540 293 599 343 de
622 288 865 342 concordia
889 298 933 340 et
955 306 1082 353 pace.

166 372 311 430 Adde
343 372 468 439 quod
490 372 547 422 de
567 373 717 437 gratiis
735 367 843 420 Deo
864 367 1092 417 habendis
1116 368 1222 431 agit.
1254 363 1320 429 fi.
1348 381 1428 430 17.
1548 404 1552 406 μ

165 450 236 517 Y.
267 450 350 502 16.
373 445 582 499 Verbum
613 445 791 495 Christi
819 446 998 494 habitet
1022 447 1070 492 in
1098 444 1230 493 vobis
1253 442 1600 492 abundanter...

165 526 393 588 Doctrina
414 523 616 587 Christi,
640 521 968 588 Evangelium,
997 522 1194 571 verbum
1217 518 1342 580 Dei,
1369 514 1600 569 inhabitet
1618 520 1669 569 in

97 605 235 657 vobis
269 621 372 654 curn
406 600 571 667 magna
613 597 923 660 abundantia,
961 615 1136 663 vosque
1171 596 1412 663 opulentos
1450 593 1582 645 saciat
1617 595 1668 644 in

96 682 234 732 omni
288 679 517 744 αρίεηίίά.

163 755 336 811 Audite
354 761 672 826 ,”quicumque
692 758 799 806 estis
824 755 1074 817 mundani,
1099 762 1144 805 et
1163 755 1295 804 uxori
1317 754 1514 819 praeestis
1532 759 1579 802 et
1604 750 1669 803 li-

92 840 215 890 beris
234 875 250 902 ,
274 838 511 904 quomodo
534 838 668 887 vobis
694 853 876 902 quoque
901 837 1102 885 maxime
1125 833 1311 884 mandet
1328 831 1479 898 legere
1499 828 1668 894 Scrip-

93 925 215 968 turas
234 953 248 977 ,
287 934 381 966 non
414 914 605 974 leviter,
631 931 720 963 nec
749 917 955 974 temere,
985 912 1067 963 sed
1096 927 1263 976 magno
1290 909 1441 960 studio
1473 916 1520 959 et
1555 907 1668 959 dili·

96 993 277 1061 gentizi.>
295 993 359 1047 D.
387 991 764 1060 Chrysostomus.

459 1124 597 1159 NOTA
637 1121 934 1158 LITTERALIS
972 1123 1038 1158 ET
1075 1120 1310 1157 MORALrs.

156 1224 333 1278 Cuncta
353 1228 552 1278 notanda
575 1237 678 1278 sunt
701 1231 839 1278 verba
861 1265 875 1289 ,
901 1228 1069 1277 docent
1093 1231 1263 1294 quippe
1283 1243 1368 1276 nos
1389 1225 1581 1275 modum
1604 1222 1664 1275 le·

87 1302 228 1366 gendi
252 1300 521 1368 Scripturas·
557 1305 772 1353 I-Iabitet.
808 1301 892 1353 Gr.
916 1301 1141 1352 inhabitet
1159 1339 1171 1363 ,
1199 1301 1395 1352 resideat
1416 1338 1430 1365 ‚
1450 1299 1665 1351 “radicem

87 1378 229 1444 figat,
254 1397 438 1444 semper
459 1382 515 1429 sit
542 1397 758 1446 praesens.
849 1399 855 1401 *
1529 1403 1531 1405 >

169 1459 233 1507 In
256 1459 414 1515 vobis,
440 1458 489 1507 id
510 1466 610 1519 est,
630 1460 860 1508 mentibus
887 1465 932 1508 et
951 1458 1163 1508 cordibus
1185 1458 1364 1506 vestriS.
1383 1453 1487 1506 Lex
1506 1452 1665 1521 Moysi

3 1571 5 1573 ·
85 1537 134 1584 in
160 1537 322 1584 tabulis
347 1536 537 1600 lapideis
569 1539 731 1599 scripta
765 1536 846 1586 fuit
871 1556 882 1584 ι
909 1537 984 1586 lex
1020 1537 1280 1599 evangelica
1309 1536 1580 1586 inscribatur
1611 1536 1664 1586 in

84 1611 300 1661 cordibus
325 1613 506 1662 vestris·
533 1648 537 1652 -

157 1691 494 1751 Abundanter,
523 1693 708 1757 copiose
723 1729 737 1754 ,
765 1693 827 1742 ita
849 1691 979 1757 plene
999 1709 1051 1742 ac
1071 1690 1269 1757 perfecte
1290 1690 1474 1758 impleat
1493 1708 1545 1741 ac
1562 1692 1660 1741 im-

86 1766 196 1817 buat
223 1776 401 1818 mentes
438 1777 610 1818 vestras
630 1807 644 1830 ,
680 1778 728 1819 ut
760 1772 893 1819 omni
921 1767 1155 1835 sapientiai
1191 1769 1343 1833 pleni,
1383 1768 1503 1819 illam
1533 1770 1661 1836 quasi

84 1852 369 1907 eructantes,
408 1863 494 1895 vos
515 1849 715 1896 invicem
739 1847 939 1897 doceatis
964 1865 1016 1896 ac
1039 1847 1267 1897 erudiatis-

156 1919 285 1971 Hinc
307 1923 526 1972 docemur
549 1921 851 1987 Evangelium
884 1920 1054 1974 Christi
1077 1923 1321 1989 legendum
1346 1942 1447 1974 esse
1467 1941 1564 1976 non
1582 1924 1658 1976 le·-

88 2000 207 2049 viter
243 2015 295 2047 ac
317 2000 653 2064 praecipitanter
672 2035 684 2058 ‚
722 1999 804 2050 sed
833 1997 935 2049 cuni
956 2000 1253 2051 meditatione
1285 2018 1338 2051 ac
1363 1998 1652 2064 reflexione,

87 2077 149 2126 ita
173 2082 221 2124 ut
242 2074 465 2125 inhabitet
490 2078 535 2125 in
559 2078 713 2138 nobiS,
737 2078 1002 2145 radicesque
1028 2080 1148 2143 figat.

155 2150 270 2203 Non
292 2157 420 2216 raro,
448 2155 531 2204 sed
561 2155 870 2219 abundanter,
907 2161 1033 2221 saepe
1053 2174 1107 2206 ac
1129 2155 1349 2216 multirm;
1371 2158 1430 2206 ita
1449 2164 1498 2207 ut
1514 2174 1656 2208 men-

86 2239 182 2282 tem
202 2234 407 2294 imbuat,
434 2233 693 2300 repleatque
716 2234 821 2284 vera
840 2233 1060 2300 sapientia
1095 2233 1383 2302 perfectaque
1402 2253 1553 2287 rerum
1581 2236 1655 2287 di·

87 2310 294 2359 vinarum
315 2309 495 2370 notitia,
518 2328 653 2375 quarn
675 2315 721 2362 in
750 2313 859 2362 alios
880 2317 1108 2379 possimus
1130 2322 1348 2364 eructare.

156 2390 385 2438 Docentes
419 2400 464 2438 et
492 2404 901 2446 commonentes....

162 2461 302 2516 Circa
321 2466 548 2530 psalmos,
579 2467 808 2533 hymnos,
835 2470 942 2522 vide
968 2466 1145 2535 Ephes.
1171 2470 1221 2522 5.
1242 2468 1310 2535 Υ.
1341 2490 1401 2538 19
1426 2479 1470 2523 et
1491 2490 1583 2534 20,
1606 2473 1655 2523 in

85 2546 439 2594 commentaria

157 2622 218 2670 In
247 2622 403 2685 gratini
425 2631 738 2674 cantantes....
761 2626 867 2673 satis
905 2627 1209 2676 communiter
1231 2626 1524 2691 intelligitur,
1550 2645 1657 2679 cum

88 2701 329 2762 gratiarum
357 2704 538 2752 actione
561 2739 574 2764 ,
612 2710 661 2752 ut
704 2698 884 2769 Ephes.'
920 2704 981 2768 5,
1020 2723 1239 2773 19,20:
1282 2709 1466 2771 gratias
1501 2727 1655 2774 agen-

90 2783 184 2834 tes,
213 2785 304 2827 etc.

161 2850 353 2918 Optime
374 2858 510 2906 etiam
527 2857 801 2923 intelligitur,
829 2863 1041 2925 gratiose,
1063 2867 1279 2929 venuste,
1301 2866 1361 2916 ita
1378 2872 1428 2916 ut
1449 2866 1660 2933 volupta-

0 3005 2 3008 γ
88 2939 184 2982 tem
201 2933 478 2997 spiritualem
502 2935 638 2986 vobis
659 2944 703 2986 et
730 2937 826 2988 aliis
848 2940 1113 3004 procuretis.
