1806 3164
135 103 238 140 uo
280 121 286 126 ,
594 95 851 136 mmmm
885 96 959 135 im
990 74 1236 137 mmm
1287 84 1293 89 ”
1319 84 1323 90 ”

133 173 427 224 suetudinem
446 209 460 235 ‚
487 187 624 237 quam
649 164 904 222 secundum
934 173 1406 239 concupiscentiarum
1437 131 1692 224 mm

132 249 361 307 ducebat3
404 251 576 315 quippe
613 263 736 313 quae
742 250 1120 314 eoncupiscentiae
1156 247 1432 298 seductrices
1453 245 1694 300 hommem

129 327 276 389 magIS
297 340 349 372 ac
371 327 518 387 magls
545 332 841 387 corrumpunt
863 333 909 374 et
929 328 1055 390 quasi
1082 326 1128 373 in
1154 323 1659 388 brutumkcommutant.

197 403 437 466 Deponere
460 419 575 452 vos..
581 401 790 452 ..alludit
812 401 888 451 hic
908 400 971 453 D.
995 399 1162 452 Paulus
1186 402 1244 451 ad
1267 404 1422 452 ritum
1406 398 1658 477 Baptismi
1672 439 1686 464 ‚

127 481 178 528 in
201 497 290 546 quo
313 487 466 531 vestes
484 479 845 546 deponebantur.

201 554 337 620 Hoc,
385 552 531 622 inquit
568 556 846 623 Apostolus,
893 575 979 607 nos
1018 558 1154 608 docet
1187 558 1410 622 deponere
1452 556 1688 617 sordidum

112 641 300 705 'peccati
336 639 687 703 indumentum,
727 642 955 706 antiquam
989 640 1158 690 scilicet
1183 638 1536 704 concupiscendi
1569 655 1689 701 con-

123 716 440 765 suetudinem.

189 789 453 857 Baptizatus
491 795 750 844 renuntiare
789 794 928 843 debet
965 794 1342 858 concupiscentiis
1365 802 1412 859 et
1449 794 1686 846 desideriis

117 874 235 924 suis:
253 873 350 938 Qui
378 869 555 922 Christi
574 884 701 936 sunt,
728 894 914 924 carnem
930 863 1062 925 suam
1079 874 1414 939 crucffimrunt
1435 893 1540 924 cum
1555 874 1688 928 vitiis

120 957 167 997 et
187 951 570 1014 concupiscentiis
590 954 702 1001 suis.

200 1024 349 1079 Vetus
371 1030 522 1092 itaque
545 1027 690 1078 homo
720 1035 791 1077 est
813 1027 955 1077 homo
979 1027 1116 1094 qualis
1138 1036 1231 1077 erat
1250 1037 1355 1078 ante
1377 1024 1682 1097 Baptismuru‚

126 1101 354 1171 Gentius,
393 1114 631 1171 peccator,
662 1122 763 1155 suas
800 1123 996 1172 sequens
1019 1108 1407 1170 concupiscentias
1431 1115 1477 1155 et
1514 1107 1563 1155 in
1597 1107 1683 1156 illis

119 1189 505 1246 computrescens.

187 1256 312 1309 Talis
328 1260 475 1308 homo
501 1277 582 1324 per
604 1260 798 1324 singulas
819 1259 954 1310 horas
978 1269 1021 1309 et
1041 1266 1276 1309 momenta
1297 1263 1440 1323 magis
1462 1275 1514 1308 ac
1534 1262 1679 1328 magis

116 1340 421 1403 corrumpitur
458 1346 503 1387 et
537 1339 594 1387 ab
623 1337 846 1387 homine'
835 1355 882 1387 m
905 1338 1088 1387 brutum
1112 1337 1390 1402 degenerat:
1413 1337 1581 1402 quippe
1603 1339 1681 1401 qui

117 1414 236 1463 vivit
256 1431 350 1463 non
370 1415 623 1464 secundum
646 1417 898 1476 rationem,
927 1431 1027 1479 quae
1049 1414 1253 1463 hominis
1278 1422 1370 1472 est73
1396 1413 1479 1463 sed
1500 1429 1679 1475 secun-

120 1491 230 1541 dilm
245 1496 477 1557 passiones
491 1531 505 1554 ,
524 1510 626 1558 quae
646 1495 788 1542 brutis
809 1501 853 1542 et
869 1492 1046 1542 homini
1068 1500 1174 1542 sunt
1188 1492 1374 1557 quidem
1395 1508 1678 1555 communeS,

119 1567 204 1618 sed
222 1569 268 1616 in
285 1570 427 1618 b'rutis
448 1567 672 1619 fortiores,
1499 1566 1504 1567 ⁷
1532 1612 1533 1615 ,

184 1643 231 1690 S
231 1646 457 1693 ecundz'tm
480 1646 706 1693 desideria
722 1647 885 1694 erroris
898 1681 915 1705 ,
935 1644 982 1693 id
999 1651 1087 1703 est,
1114 1645 1382 1709 cupiditates
1399 1645 1672 1694 seducentes

110 1729 158 1772 et
179 1721 466 1786 deceptrices
489 1740 500 1769 z
525 1729 629 1771 sunt
650 1724 772 1770 enim
798 1724 961 1771 erroris
983 1723 1198 1785 principia
1216 1757 1228 1779 ‚
1255 1721 1471 1770 illusionis
1491 1736 1636 1770 causae
1655 1741 1668 1781 ς

108 1798 401 1849 dulcedinem
423 1801 691 1864 promittunt
707 1836 719 1859 ,
748 1797 1093 1848 amaritudinem
1118 1797 1387 1861 producunt.

178 1874 336 1926 Radix
366 1893 520 1925 earum
544 1876 686 1925 dulcis
703 1913 716 1938 ,
741 1874 1211 1924 fructus'amarissimi.

180 1949 238 2006 fi.
272 1952 354 2003 23.
398 1955 707 2003 Renooamiaezi
743 1961 953 2003 autem...
977 1948 1061 2001 Gr.
1099 1953 1310 2001 renovari
1330 1959 1480 2002 autem
1507 1952 1672 2016 spii-itu
1730 1962 1734 1965 “

113 2037 284 2083 mentis
305 2044 486 2084 φαείνω.

178 2105 371 2174 Spiritus
391 2112 556 2176 mentis
581 2118 648 2159 est
673 2112 772 2174 ipse
792 2111 998 2174 spiritus,
1025 2125 1104 2158 seu
1138 2125 1271 2157 mens
1293 2110 1406 2173 ipsa.
1435 2105 1670 2157 Hebrais-

109 2203 214 2237 mus
229 2223 244 2248 ,
269 2187 525 2251 significans
546 2189 757 2236 renovari
778 2184 1076 2250 spiritualiter.

168 2262 226 2319 Ῠ.
249 2263 332 2323 24.
352 2264 415 2312 Ec
437 2265 610 2312 induite
632 2281 797 2312 novum
817 2263 1101 2310 hominem...
1118 2257 1201 2310 Gr.
1216 2259 1404 2309 induere
1418 2261 1668 2324 baptizatus

103 2359 250 2393 novas
283 2346 548 2393 resumebat»
574 2351 726 2391 vestes
741 2379 754 2403 ‚
793 2341 917 2391 albas
958 2340 1142 2389 scilicet.
1174 2336 1253 2388 Ad
1300 2338 1422 2404 quod
1462 2337 1668 2389 alludens

108 2418 390 2486 Apostolus,
432 2421 546 2481 hoc,
583 2423 754 2486 inquit,
788 2419 922 2469 docet
947 2435 1030 2468 nos
1063 2420 1111 2467 in
1146 2415 1659 2488 novtumfftransformari

109 2492 367 2547 hominem.

175 2568 603 2624 Sicutvetus'homo
619 2610 630 2632 ‚
649 2580 829 2622 veteres
845 2579 952 2621 sunt
972 2562 1159 2621 affectus
1182 2569 1399 2637 peccandi
1424 2574 1665 2631 snauovus

97 2648 270 2713 home,
295 2660 366 2701 est
387 2669 510 2702 nova
532 2667 685 2719 mens,
714 2667 836 2700 nova
860 2651 950 2700 vita
970 2686 983 2712 ‚
1022 2648 1115 2699 fide
1143 2657 1189 2698 et
1220 2649 1360 2714 gratia
1389 2645 1559 2698 Christi
1580 2663 1665 2698 re-

101 2735 289 2780 novata.
