1806 3164
424 171 650 211 ‘ramex
684 169 976 206 Exposrrro.
1018 151 1138 218 Cap.
1183 146 1266 200 II.
1303 178 1306 181 Δ
1571 141 1641 195 55

65 258 235 310 merito
267 261 343 304 aut
374 263 546 316 opere,
591 246 813 308 contingit
844 244 925 300 illi3
969 242 1051 291 sed
1094 249 1188 290 tota
1228 238 1438 288 tribuitur
1476 234 1646 283 merito

17 324 29 385 s
74 334 248 386 Christi
270 369 282 394 ‚
305 335 418 382 sicut
444 330 610 379 creatio
636 328 844 375 tribuitur
868 323 1220 387 omnipotentIae
1243 315 1352 367 Dei.

19 472 22 474 v
141 413 270 464 Hinc
293 412 440 461 creati
459 413 508 458 in
538 407 720 458 Christo
746 405 858 454 Jesu
875 439 888 463 ,
914 402 961 451 id
986 410 1052 450 est
1072 438 1084 458 ,
1111 416 1192 463 per
1215 399 1428 447 meritum
1451 390 1649 454 Christi,

13 478 16 483 .
64 496 97 542 ὲ
117 508 209 558 quo
238 497 392 540 manat
416 483 636 552 quidquid
663 480 792 532 Deus
813 481 949 530 nbbis
972 477 1146 527 confert
1172 478 1340 540 graiiae.

0 593 7 617 τ
139 572 202 620 1η
223 570 354 619 bom’s
379 564 606 628 operibus.
627 560 736 628 Syr.
758 560 814 610 ad
835 576 973 625 opera
996 558 1065 607 illa
1093 558 1230 605 bona.
1252 551 1397 604 Arab.
1424 550 1481 600 ad
1504 566 1644 615 opera

73 649 215 706 bona.
242 641 449 706 AEthiop-
487 639 543 689 ad
572 656 684 705 opus
712 639 904 686 bonum.

67 742 69 744 ·
141 717 228 773 Gr.
241 717 322 768 ἐπὶ
341 715 495 784 ἔργοις·
518 711 738 782 ἀγαθοῖς,
755 712 993 764 Cornelius
1013 717 1039 761 a
1058 710 1251 775 Lepide,
1271 706 1476 767 Grotius,
1497 705 1646 754 multis

66 791 164 850 aliis
189 796 412 861 exemplis
432 795 675 845 ostendunt
696 789 778 839 ἔπι
808 810 911 842 cum
936 791 1089 840 dativo
1115 793 1240 853 saepe
1263 786 1538 851 significare,
1565 784 1648 832 ad.

138 875 357 928 Erasmus
381 869 558 924 eiiam‘:
586 874 642 923 ad
665 890 801 936 opera
828 873 965 920 bona.

139 947 356 1005 Recreali
382 968 489 1015 ergo
511 958 554 1000 et
576 951 826 1014 regenerati
858 963 1013 996 sumus
1038 944 1095 992 ad
1125 961 1263 1009 opera
1283 944 1406 991 bona
1427 937 1650 989 facienda.

142 1025 210 1077 Et
232 1031 394 1084 meriti>
423 1026 513 1075 hoc
535 1026 662 1076 addit
686 1024 962 1091 Apostolus;
993 1024 1095 1086 quia
1126 1025 1251 1070 enim
1280 1021 1481 1084 superius
1510 1016 1649 1065 dixit:

76 1103 249 1165 Gratis
279 1104 452 1151 salvati
472 1105 579 1151 estis
609 1121 693 1167 per
707 1100 865 1164 fidem
883 1137 894 1158 ,
924 1118 1014 1147 non
1048 1116 1108 1144 ex
1142 1096 1398 1159 operibus...
1433 1108 1491 1140 ne
1522 1095 1651 1155 putei:

75 1183 175 1245 quis
202 1196 341 1244 opera
363 1178 503 1228 fidem
523 1180 762 1242 sequentia
785 1176 965 1225 excludi
986 1213 997 1232 ,
1023 1173 1175 1232 addit,
1208 1179 1308 1237 post
1327 1175 1558 1232 acceptam
1578 1165 1648 1213 fi-

0 1289 9 1298 ι
73 1255 185 1304 dem
209 1291 222 1316 ,
248 1272 361 1321 opus
397 1272 498 1304 esse
523 1256 657 1304 bonis
681 1255 925 1321 operibus3
957 1255 1125 1318 quippe
1142 1289 1153 1311 ‚
1183 1249 1240 1298 ad
1264 1265 1367 1314 quae
1403 1248 1538 1298 creati
1567 1262 1650 1294 seu

74 1333 326 1394 regenerati
348 1346 518 1385 sumus.
557 1359 561 1362 -
1651 1334 1655 1342 ¹

146 1401 275 1456 Sicut
302 1423 411 1469 ergo
432 1396 562 1454 ¹Deus
582 1423 636 1454 ex
675 1406 774 1454 rudi
797 1413 842 1453 et
864 1400 1087 1466 indigesta
1112 1401 1236 1450 mole
1257 1409 1418 1450 terram
1440 1399 1545 1448 secit
1561 1434 1574 1458 ‚
1600 1406 1652 1448 ut

75 1481 229 1547 fruges
250 1491 297 1531 et
328 1481 498 1530 fructus
520 1480 633 1531 ferat
660 1502 671 1537 ;
702 1485 762 1530 ita
789 1497 872 1529 nos
898 1497 956 1528 ex
981 1479 1246 1527 homiuibus
1268 1481 1312 1527 in
1340 1475 1527 1528 Adamo
1547 1492 1652 1524 cor-

77 1562 250 1625 ruptis,
277 1574 338 1608 ex
356 1557 459 1607 filiis
478 1562 554 1621 irae
572 1595 584 1618 ‚
610 1558 717 1608 fecit
736 1575 886 1607 novos
905 1555 1119 1604 homines
1139 1593 1150 1617 ,
1172 1554 1288 1603 filios
1311 1551 1402 1603 Dei
1424 1591 1437 1616 ‚
1458 1561 1507 1601 ut
1525 1554 1650 1601 bene

72 1642 126 1683 et
147 1638 302 1685 sancte
329 1637 606 1684 viveremus.

150 1707 274 1778 ρυλε
305 1716 591 1777 praeparaoit
632 1713 781 1771 Deus,
814 1712 871 1761 ab
908 1720 1081 1759 aeterno
1114 1710 1326 1774 quidem,
1357 1708 1654 1758 decernendo

75 1800 127 1842 ut
143 1810 224 1858 per
242 1810 378 1858 opera
395 1794 516 1841 bona
534 1792 828 1853 salvaremur,
851 1799 896 1839 et
918 1793 1053 1839 eliam
1070 1789 1364 1838 decernendo
1386 1789 1520 1837 nobis
1541 1804 1653 1851 gra-

76 1872 162 1938 tias
182 1869 289 1919 dare
310 1872 586 1923 necessarias
607 1878 649 1918 et
671 1869 801 1917 utiles
821 1868 878 1916 ad
899 1867 970 1917 illa
991 1866 1194 1915 facienda
1215 1883 1226 1922 ;

149 1942 433 2010 Intempore
449 1957 596 1996 autem
618 1948 897 2010 praeparauit
917 1980 929 2005 ‚
953 1943 1290 2010 praescribendo
1311 1944 1501 1993 modum
1529 1944 1655 1994 bene

76 2023 246 2090 agendi
272 2044 283 2073 :
311 2023 463 2093 docuit
498 2026 621 2074 enim
654 2041 734 2088 per
764 2023 912 2087 legem
951 2031 994 2070 et
1023 2039 1102 2087 per
1138 2019 1438 2085 Evangelium
1466 2021 1575 2086 quid
1608 2030 1657 2071 et

80 2100 321 2164 quomodo
336 2101 562 2166 agendum
582 2123 592 2151 :
612 2108 831 2166 praeparat
849 2102 982 2149 eliam
1002 2098 1153 2147 dando
1168 2100 1348 2163 gratias,
1368 2098 1649 2163 inspirando,

82 2177 358 2238 excitando,
384 2178 643 2228 roborando
661 2215 674 2237 ‚.
706 2180 947 2227 nobiscum
973 2177 1284 2240 cooperando·

151 2254 287 2309 Viam
310 2262 455 2324 primu
478 2258 676 2308 ostendit
692 2294 705 2319 ‚
736 2257 904 2306 deinde
928 2257 985 2306 ad
1007 2255 1330 2305 ambulandum
1351 2257 1471 2305 intus
1496 2255 1656 2322 impel-

79 2331 166 2395 lit,
192 2341 236 2382 et
260 2333 540 2383 ambulantes
564 2334 649 2384 fert
670 2343 713 2383 et
736 2336 954 2394 sustinet,

152 2408 225 2458 ‘Ut
254 2412 302 2456 in
322 2410 413 2477 illis
433 2413 745 2460 ambulemus.

151 2484 274 2538 Haec
291 2488 456 2539 locutio
476 2500 600 2540 notat
618 2495 774 2554 aperte
800 2488 920 2554 quod
944 2490 1066 2538 bona
1090 2504 1227 2552 opera
1251 2489 1339 2536 sint
1364 2489 1436 2535 via
1459 2487 1516 2536 ad
1547 2504 1654 2536 coe-

82 2562 179 2612 ium
196 2601 208 2624 ‚
232 2574 311 2612 seu
338 2568 411 2614 via
436 2584 572 2631 quam
602 2564 728 2615 Deus
751 2566 1029 2629 praeparavit
1045 2599 1057 2621 ,
1086 2571 1133 2611 ut
1156 2581 1237 2627 per
1270 2578 1368 2611 eam
1390 2562 1447 2610 ad
1468 2561 1658 2610 salutem

81 2639 345 2710 tendamus,

155 2713 269 2764 Hoc
293 2719 486 2768 verbum
506 2756 519 2775 ,
547 2722 839 2770 ambulemus
855 2754 871 2777 ‚
899 2734 980 2766 seu
1008 2724 1056 2765 ut
1080 2726 1148 2766 est
1180 2721 1227 2766 in
1255 2713 1419 2765 Graeco
1449 2716 1656 2764 circum-

84 2793 378 2844 ambulemus
396 2834 409 2857 ‚
437 2806 563 2847 notat
581 2801 718 2848 etiam
741 2801 787 2847 in
810 2797 944 2845 bonis
971 2796 1183 2859 operibus
1213 2812 1312 2845 esse
1345 2812 1623 2860 perseverari
1641 2823 1657 2831 -

86 2868 198 2918 dum
217 2905 231 2928 ‚
263 2887 491 2938 omneque
511 2876 688 2924 bonurn
713 2892 826 2940 opus
846 2890 947 2922 esse
973 2871 1229 2921 faciendum
1249 2908 1260 2930 ,
1293 2889 1388 2919 non
1412 2890 1551 2920 unum
1582 2880 1659 2920 aut

0 2965 2 2973 ’
82 2945 302 3008 alierum,
322 2947 404 2996 sed
426 2953 579 3000 omnia
595 2952 717 3000 bona
735 2966 872 3015 opera
891 2969 903 3006 ς
930 2965 1024 2996 non
1047 2964 1138 2994 uuo
1155 2953 1226 2995 aut
1245 2946 1466 3011 aliquibus
1485 2948 1659 2994 taniiirn
