1800 3158
429 59 662 134 immin
694 91 986 134 Exposmo.
1022 76 1145 146 Cap.
1179 75 1288 130 IV.
1539 76 1643 143 443

0 160 2 164 ’
79 164 324 216 fraternam
349 162 610 214 exercendo
631 180 736 229 erga
756 163 916 216 fratres
938 183 1101 217 omnes
1123 167 1200 231 qui
1222 172 1326 214 sunt
1349 167 1396 215 in
1419 163 1514 214 tota
1533 163 1646 216 Ma-

84 239 278 293 cedonia
299 259 311 288 :
333 236 551 304 rogamus*
567 247 720 290 autem
736 257 820 291 vos
839 250 888 292 ut
911 244 1054 307 magis
1069 259 1120 293 ac
1139 243 1281 306 magis
1304 243 1352 290 in
1372 239 1460 290 heic
1479 243 1655 308 virtute

38 364 53 371 η
86 319 332 386 proficiatis
349 354 365 380 ‚

154 395 217 447 Et
235 396 435 447 sedulam
457 397 839 460 navens-operam
865 403 915 446 ut
938 398 1076 462 quieti
1095 397 1192 445 sitis
1215 403 1260 445 et
1290 397 1494 461 pacifici,
1521 404 1568 447 et
1593 405 1645 448 ut

88 484 239 526 vestra
266 477 456 536 curetis,
481 473 635 523 alienis
656 491 751 524 non
775 477 1121 526 immisceamini
1146 478 1338 541 negotiis
1355 512 1367 536 ‚
1394 484 1440 527 et
1455 494 1644 540 opere-
1701 522 1708 523 ff

88 556 202 605 mini
236 555 426 620 propriis
459 554 622 602 vestris
659 554 898 614 manibus,
936 557 1051 604 sicut
1073 557 1376 619 praecepimus
1392 556 1570 612 ,vobis3
1596 563 1648 605 ut

88 634 284 689 honeste
299 636 644 689 conversemini
669 651 773 684 cum
808 637 1063 697 extraneis,
1093 642 1139 684 et
1162 632 1324 685 nullius
1347 634 1486 701 opexzi
1503 635 1647 686 indi-

84 713 250 776 geatiS.

157 786 382 840 Nolumus
421 795 604 851 autem,
644 786 800 836 fratres
822 824 834 845 ,
866 805 950 836 vos
985 790 1191 852 ignorare
1228 790 1353 856 quod
1388 797 1561 855 spectat
1593 789 1651 838 ad

88 874 322 926 mortuos,
349 875 398 916 ut
422 868 482 916 ob
506 883 588 916 eos
613 883 707 915 non
731 868 1088 927 contristemini,
1118 871 1233 917 sicut
1258 870 1416 918 caeteri-
1442 864 1650 918 Gentiles

93 942 191 1002 (ad
215 939 442 991 Christum
467 959 558 991 non
594 945 871 1004 conversi),
902 946 980 1008 qui
1015 948 1358 1010 resurrectionis
1393 961 1523 1010 spem
1550 961 1650 994 non

93 1020 292 1070 habent.

160 1096 285 1148 Sicut
308 1113 419 1161 ergo
452 1097 676 1148 credimus
700 1099 822 1164 quod
846 1096 1076 1149 Dominus
1097 1098 1233 1150 Jesus
1254 1108 1458 1150 mortuus
1484 1109 1553 1151 est
1568 1128 1588 1162 ς
1605 1110 1654 1152 et.

93 1180 121 1226 a
148 1178 335 1226 mortuis
363 1179 640 1234 resurrexit;
671 1178 731 1225 ita
764 1185 807 1226 et
833 1176 1060 1237 (credere
1087 1178 1348 1239 debemus)
1377 1178 1501 1243 quod
1523 1177 1664 1228 Deus·

96 1270 211 1310 eos;
234 1254 309 1316 qui
333 1254 379 1300 in
400 1249 492 1300 fide
522 1248 699 1313 Christi,
714 1255 880 1302 mortui
902 1261 1031 1315 sunt,
1054 1254 1338 1305 resuscitabit
1371 1263 1416 1304 et
1437 1259 1462 1304 ὲ
1487 1254 1653 1321 sepul-

97 1337 184 1383 cris
203 1340 447 1393 evocatos,
483 1332 677 1384 adducet
707 1333 764 1382 ad
795 1335 934 1383 vitam
961 1331 1130 1384 Christi
1154 1335 1412 1399 gloriosam.

165 1411 288 1466 Dico
310 1416 435 1463 enim
457 1415 591 1463 vobis
613 1415 775 1481 quod
762 1432 788 1463 a
825 1412 1033 1465 Domino
1065 1415 1236 1477 didici,
1266 1416 1406 1484 idque
1430 1425 1656 1510 tanquam

98 1491 192 1546 Dei
219 1496 415 1544 verbum
441 1494 544 1544 dico
562 1529 576 1554 ‚
964 1508 967 1511 ·

166 1571 377 1634 Scilicet,
407 1573 530 1636 quod
554 1589 639 1622 nos
655 1610 669 1634 ‚
693 1576 767 1637 qui
788 1575 986 1623 vivimus
1005 1612 1019 1637 ‚
1041 1592 1120 1624 seu
1142 1576 1414 1642 quicumque
1438 1590 1581 1639 usque
1598 1570 1657 1623 ad

98 1651 347 1714 adventum
370 1647 559 1699 Domini
585 1653 848 1715 superstites
880 1651 1118 1709 fuerimus;

167 1727 282 1780 Non
316 1731 657 1794 praeve'niemus
696 1732 744 1779 in
787 1734 1116 1781 resurrectione
1162 1725 1240 1782 eo's
1279 1732 1354 1796 qni
1387 1728 1657 1794 jampridem

99 1812 269 1860 mortui
291 1817 394 1859 sunt
418 1818 464 1860 et
491 1812 535 1858 in
559 1810 792 1876 pulverem
816 1811 987 1860 redacti
1012 1810 1165 1871 (adeo
1187 1818 1425 1877 prompta,
1450 1809 1569 1860 celer
1605 1818 1661 1860 et

101 1895 421 1938 momentanea
441 1891 524 1937 erit
546 1889 867 1948 resurrectio).

175 1962 408 2026 Quoniam
436 1962 697 2014 Dominus
687 1983 785 2029 lpse
809 1962 946 2015 Jesus
972 1962 1207 2021 Christus
1247 1966 1326 2015 ubi
1345 1967 1530 2026 jusserit
1552 1932 1659 2016 Ar·-

111 2038 334 2104 changelo
363 2057 526 2090 vocem
549 2040 686 2100 dare,
728 2049 774 2090 et
793 2040 902 2091 tuba
924 2040 1014 2092 D'ei
1037 2042 1204 2104 (quasi
1238 2043 1423 2092 classico
1456 2049 1662 2093 mort-uos

112 2134 276 2184 omnes
294 2118 557 2179 evocare),
587 2119 837 2170 descendet
859 2121 916 2169 de
941 2121 1054 2170 coelo
1075 2115 1235 2171 Judex
1262 2141 1274 2171 ε
1297 2130 1342 2172 et
1365 2130 1472 2171 tunc
1493 2122 1573 2186 qui
1600 2123 1661 2170 in

110 2193 204 2243 fide
227 2191 395 2246 Christi
417 2199 581 2246 mortui
607 2207 738 2258 sunt,
765 2207 1001 2264 resurgent
1025 2200 1181 2262 primi3

176 2269 361 2324 Deinde
389 2292 499 2334 nos,
525 2278 599 2340 qui
623 2284 729 2325 tunc
753 2280 963 2326 vivemus
987 2285 1030 2326 et
1060 2276 1293 2343 hucusque
1324 2277 1387 2325 in
1403 2272 1496 2325 vitri
1519 2274 1663 2325 relicti

109 2344 326 2400 fuerimus
341 2383 354 2406 ‚
381 2349 510 2398 simul
535 2367 636 2400 cum
656 2351 739 2400 illis
757 2346 994 2402 celerrime
1015 2350 1258 2402 efferemur
1275 2353 1460 2400 obviam
1479 2348 1664 2399 Christo

106 2431 160 2479 in
183 2441 286 2475 aera
303 2431 380 2473 :et
406 2426 471 2472 sic
488 2440 668 2490 semper
685 2425 1018 2478 cum'Domino
1038 2435 1196 2477 nostro
1221 2429 1388 2476 erimus
1413 2426 1549 2489 (eius
1563 2425 1664 2490 glo·

108 2503 188 2553 riae
203 2507 436 2550 consortes
455 2498 495 2560 ).

138 2575 147 2582 ’
175 2583 335 2650 Itaque
355 2583 647 2633 consolamini
681 2602 764 2635 vos
789 2593 942 2637 mutuo
973 2590 1053 2650 (in
1085 2588 1202 2638 luctu
1226 2588 1276 2649 3,
1299 2585 1371 2635 his
1412 2584 1472 2634 de
1504 2591 1665 2634 resur*

112 2665 315 2711 rectione
338 2661 625 2709 sermonibus
645 2658 734 2721 (ut
761 2681 853 2712 non
877 2665 1216 2713 contristemini
1235 2664 1354 2711 sicut
1372 2663 1529 2710 coeteri
1543 2661 1670 2726 ‚qui

111 2754 241 2799 spem
263 2739 362 2784 non*
379 2733 554 2784 habene
568 2736 611 2797 ).
