1806 3164
0 0 301 234 ξ

5 230 55 282 ὃ

0 325 39 402 ’Ξ

466 85 605 123 nm
623 85 726 123 Lex
764 69 1708 144 Exposmo.cap.111.73

203 158 458 227 Supplex,
443 173 629 222 mquam
647 194 660 219 ‚
691 154 847 206 Deum
862 171 975 219 rogo
991 191 1005 218 ‚
1039 163 1087 204 ut
1109 191 1124 218 ‚
1144 173 1228 222 pro
1251 159 1475 210 immensa
1500 159 1710 227 largitate

135 258 190 293 ac
210 240 414 291 bonitate
430 233 533 297 sua,
561 233 649 302 qua
670 234 881 299 gloriatur
895 268 909 294 ,

203 314 298 368 Det
323 315 456 366 vobis
478 329 561 379 per
582 314 914 362 incrementum
939 311 1094 375 gratiae
1117 318 1165 361 et
1196 311 1377 377 spiritus
1399 317 1598 379 interni3
1635 323 1707 372 sic

134 391 414 444 corroborari
429 425 444 452 ‚

199 465 267 519 Ut
288 469 479 518 interior
495 472 645 516 vester
662 462 808 513 homo
832 464 1058 513 robustior
1084 464 1277 516 evadat
1265 485 1310 516 m
1333 468 1449 528 dies,

201 544 437 598 Concedat
468 552 518 595 ut
549 562 630 610 per
654 542 794 593 fidem
826 539 1034 592 Christus
1062 542 1277 594 habitet
1265 564 1312 597 ιη
1338 549 1556 603 cordibus
1581 572 1703 607 ves-
1725 576 1734 580 ·

132 628 246 689 tris,
267 627 452 692 sitisque
473 626 521 673 in
548 621 765 673 charitate
792 621 975 671 radicati
998 629 1044 672 et
1071 621 1272 682 fundati;

201 718 268 770 Ut
293 735 398 770 cum
425 717 643 766 omnibus
679 713 976 776 Christianis,
1009 716 1170 781 quibus
1199 718 1324 768 idem
1349 728 1492 786 opto,
1517 726 1702 788 possitis

127 795 376 860 intelligere
396 812 499 861 quae
523 797 612 844 sint
634 793 944 843 dimensiones
968 793 1182 843 bonitatis
1210 795 1413 848 divinae‘
1401 817 1449 848 111
1475 807 1702 868 mysterio

133 873 461 939 redemptionis
480 870 720 921 hominum
742 878 787 920 et
812 872 1068 919 vocationis
1097 867 1339 923 Gentium.

194 976 297 1030 Oro
320 980 456 1028 etiam
479 984 528 1027 ut
552 978 730 1042 possitis
756 975 888 1042 plene
913 978 1060 1037 scire,
1092 984 1137 1026 et
1161 995 1242 1042 pro
1266 980 1429 1029 merito
1462 984 1695 1034 aestimare
1758 996 1761 998 ’

124 1052 388 1108 charitatem
420 1072 555 1121 quam
582 1051 788 1103 Christus
813 1055 859 1102 in
894 1052 985 1101 hoc
1022 1054 1189 1104 eodem
1223 1059 1444 1121 mysterio
1470 1075 1577 1123 erga
1603 1077 1694 1110 nos

121 1134 364 1198 exhibuit,
392 1135 499 1185 licet
525 1138 654 1184 omni
679 1134 885 1184 scientiae
911 1135 1361 1197 supereminentem;
1386 1135 1432 1184 id
1461 1144 1555 1198 est,
1579 1138 1697 1197 *licet

119 1216 264 1277 major
290 1218 346 1264 sit
370 1218 504 1282 quam
531 1210 796 1263 ut'humana
821 1213 962 1277 possit
983 1213 1258 1276 cogitatione
1281 1214 1634 1278 comprehendi.

188 1289 312 1354 Quae
335 1293 488 1340 omnia
513 1293 647 1340 vobis
672 1299 781 1354 opto
798 1327 811 1351 ,
837 1297 886 1338 ut
914 1288 1048 1352 plene
1079 1297 1126 1338 et
1158 1289 1358 1355 perfecte
1395 1289 1486 1341 Dei
1514 1296 1686 1358 cogni*-

53 1367 60 1372 ’
117 1371 274 1430 tione,
310 1386 495 1430 amore,
534 1378 580 1419 et
610 1371 817 1419 omnium
850 1369 1078 1416 bonorum
1115 1367 1375 1419 divinorum
1404 1369 1690 1434 plenitudine

114 1447 396 1512 repleamini.

182 1519 244 1573 Ei
264 1531 440 1585 autem,
474 1524 550 1588 qui
575 1539 656 1587 per
681 1522 778 1571 vim
803 1526 848 1569 et
867 1521 1117 1585 potentiam
1147 1523 1302 1583 gratiae
1322 1539 1455 1586 quam
1477 1524 1524 1571 in
1544 1524 1685 1574 nobis

112 1608 379 1665 operantem
399 1599 600 1665 quotidie
617 1600 905 1665 experimur,
928 1603 1077 1661 potest
1096 1597 1513 1661 superabundanter
1531 1608 1576 1649 et
1597 1618 1678 1652 cu·

108 1675 275 1726 mulate
303 1676 451 1727 facere
488 1693 619 1742 supra
646 1677 798 1725 omnia
824 1674 896 1723 illa
931 1690 1029 1738 quae
1058 1681 1212 1738 petere
1238 1683 1313 1726 aut
1342 1677 1538 1740 cogitare
1562 1695 1679 1744 pos

106 1770 285 1812 sumus;

173 1827 301 1895 Ipsi,
326 1832 541 1896 inquam,
568 1806 734 1880 aeterna
758 1831 818 1879 sit
842 1829 1005 1895 gloria,
1038 1832 1085 1878 in
1108 1825 1313 1879 Ecclesia
1333 1833 1465 1881 tantis
1487 1832 1676 1883 benefi-

106 1907 185 1956 ciis
208 1905 370 1957 affecta
390 1924 470 1974 per
495 1904 724 1957 Christum
744 1904 905 1957 Jesum
924 1907 1222 1958 mediatorem
1241 1914 1461 1962 nostrum.
1487 1903 1676 1961 Amen.

337 2921 414 2961 iv.
1418 2910 1474 2973 4.
