1806 3164
422 111 636 152 meaux
675 112 966 150 expositio.
1004 97 1122 164 Cap.
1162 99 1206 150 V
1209 99 1253 150 1.
1531 94 1625 149 165

343 326 724 430 A‘NALYsIs
762 370 1074 428 CAPrris
1111 368 1354 428 sssx‘ri.

80 515 350 617 Vsnsmus
375 581 392 608 1
409 597 422 618 ‚
441 579 497 618 2,
514 569 562 616 3,
581 562 709 623 jubet
730 570 779 608 ut
798 561 880 608 filii
906 557 1175 622 parentibus
1207 557 1460 610 obediant,
1495 556 1624 616 juxta

80 623 164 671 Dei
180 634 478 687 praeceptum.
1497 676 1505 686 ι

145 692 196 735 ir.
218 685 263 742 4.
291 685 503 730 Parentes
530 693 689 728 monet
715 695 765 729 ut
797 683 844 728 in
867 681 1069 729 filiorum
1101 693 1290 724 suorum
1326 677 1624 728 educattone‚

81 745 280 791 nimiam
295 745 444 792 vitent
457 743 746 790 severitatem
775 759 876 804 quae
898 739 1161 792 exacerbet,
1179 748 1224 784 et
1249 738 1437 784 nimiam
1464 735 1622 782 indut-

80 805 282 868 gentiam
302 820 404 873 qqoe
423 803 589 850 toleret
605 804 792 863 omnia3
831 803 917 849 sed.
946 816 1026 846 eos
1055 801 1288 845 instruant
1321 805 1365 844 et
1393 798 1627 858 corrigant

77 866 207 924 juxta
218 864 475 912 doctrinam
497 864 707 909 Domini.
1585 915 1594 924 ·

139 930 192 973 ir.
214 925 259 971 5.
281 924 436 972 Servis
461 923 672 986 praecipit
695 932 744 968 ut
763 921 965 967 doniitlis
983 919 1204 966 obediant
1236 934 1340 964 cum
1363 925 1624 964 reverentia

14 1006 17 1007 ⁷
81 992 129 1029 et
149 984 411 1030 sinceritate
426 1017 439 1037 ,
462 984 582 1031 sicut
601 984 691 1045 ipsi
717 982 906 1027 Christo
928 980 1144 1026 Domino.
1169 986 1217 1028 als.
1234 979 1277 1024 6.
1300 979 1504 1039 Ideoque
1526 993 1624 1021 non

81 1042 130 1088 in
153 1044 396 1105 praesentia
415 1045 592 1090 tantum
611 1076 624 1097 ,
652 1042 734 1089 sed
763 1042 931 1102 ubique
954 1051 999 1086 et
1017 1056 1214 1101 semper.
1247 1046 1295 1088 91.
1319 1054 1361 1097 7.
1386 1039 1506 1084 Cum
1541 1036 1623 1081 be-

79 1103 347 1150 nevolentia
367 1113 414 1149 et
429 1103 598 1150 affectu
611 1136 624 1158 ,
640 1104 836 1149 scientes
863 1101 988 1162 quod
1004 1101 1053 1145 in
1069 1101 1158 1147 hoc
1183 1099 1438 1145 ministerio
1456 1096 1626 1144 volun-

79 1171 219 1208 tatem
238 1162 321 1207 Dei
337 1163 537 1217 faciunt,
559 1164 586 1207 a
607 1179 700 1224 quo
728 1162 985 1208 mercedem
1004 1160 1230 1222 recipient
1250 1169 1467 1205 aeternam
1482 1192 1494 1212 ,
1511 1164 1560 1205 it.
1580 1157 1625 1202 8.

147 1228 198 1270 il.
221 1236 264 1280 9.
292 1223 516 1269 Dominos
538 1223 750 1269 hortatur
766 1232 817 1268 ut
839 1237 943 1282 erga
965 1237 1125 1268 servos
1147 1236 1254 1266 suos
1279 1236 1375 1265 sese
1395 1219 1594 1267 humane
1611 1251 1624 1268 .

78 1281 280 1342 benigue
307 1292 354 1327 et
368 1282 596 1330 benevole
619 1293 805 1344 gerant,
826 1283 1023 1327 scientes
1044 1281 1171 1341 quod
1196 1294 1488 1325 communem
1520 1293 1626 1323 cum

78 1341 145 1391 eis
170 1340 422 1387 Dominum
442 1351 487 1387 et
501 1342 699 1404 judicem
728 1342 926 1395 habent,
948 1341 1027 1402 qui
1055 1356 1153 1386 non
1174 1356 1394 1403 personas
1411 1338 1598 1400 respicit
1612 1371 1625 1391 ‚

78 1399 161 1446 sed
176 1399 353 1459 merita.
469 1399 476 1405 '
807 1410 810 1413 ’

141 1460 226 1507 His
247 1461 456 1507 omnium
491 1465 690 1524 partium
724 1460 908 1506 familiae
946 1460 1011 1505 sic
1045 1460 1316 1522 compositis
1330 1492 1344 1516 ,
1381 1459 1626 1505 attendens

82 1520 335 1581 Apostolus
353 1532 523 1582 quanta
542 1533 587 1567 et
609 1523 744 1583 quam
764 1519 1019 1584 periculosa
1041 1521 1100 1566 sit
1119 1521 1253 1566 nobis
1273 1521 1396 1566 lucta
1413 1537 1515 1565 cum
1534 1519 1628 1566 dae-

81 1580 299 1626 monibus
315 1614 329 1639 ‚
353 1597 515 1627 omnes
540 1581 769 1643 Ephesios
793 1582 1033 1640 alloquens
1056 1587 1106 1627 ir.
1147 1596 1202 1627 10
1218 1614 1230 1634 ,
1260 1582 1472 1627 hortatur
1490 1591 1539 1626 ut
1575 1580 1623 1626 in

82 1640 283 1686 Domino
305 1642 399 1686 sint
420 1642 562 1688 fortes
580 1675 593 1700 ‚
612 1642 660 1686 in
679 1642 867 1703 ejusque
886 1641 1093 1702 potentia
1114 1642 1374 1696 confidant,
1397 1651 1442 1687 ct
1465 1647 1516 1689 ir.
1545 1659 1559 1685 1
1575 1658 1589 1684 1
1613 1675 1628 1694 ,

2 1741 4 1743 .
78 1698 278 1747 induant
292 1710 565 1747 armaturam
585 1702 685 1748 Dei.

140 1766 191 1808 ὴ.
215 1774 288 1808 12.
306 1760 559 1823 Exaggerat
586 1761 788 1808 hostium
814 1769 1078 1806 nostrorum
1101 1760 1357 1822 potentiam
1378 1769 1423 1805 et
1444 1760 1623 1806 caltidi·

79 1828 220 1866 tatem
251 1840 262 1866 ι
290 1819 493 1882 hincque
513 1829 561 1870 17.
604 1824 678 1875 13,
710 1820 948 1867 concludit
980 1822 1298 1866 necessitatem
1333 1821 1623 1867 assumenda:

79 1879 217 1926 hu'us
241 1890 482 1927 armaturae
498 1913 511 1933 ‚
536 1898 673 1941 quam
696 1898 779 1942 per
802 1889 951 1942 partes
973 1882 1327 1940 exponit,7tr.x4,
1349 1881 1422 1940 15,
1448 1880 1498 1926 16
1514 1914 1526 1934 ,
1555 1896 1622 1937 17.

79 1896 261 1984 Baiteus
284 1949 435 1985 vester
454 1940 720 1994 sitveritas,
746 1940 890 1984 lorica
910 1941 969 1983 sit
997 1941 1196 1999 justitia,
1217 1957 1362 1986 ocreae
1395 1957 1624 2002 praepara-

80 1997 145 2042 tio
164 1998 334 2057 animi,
360 2007 539 2043 scutum
560 1999 673 2046 fides
691 2033 703 2053 ,
722 1999 849 2060 galea
872 2014 976 2059 spes
994 2034 1010 2058 ,
1030 1999 1208 2060 gladius
1228 1999 1420 2049 verbum
1446 2002 1543 2046 Dei.

141 2062 192 2104 tv·
220 2058 294 2103 18.
329 2058 403 2103 Sic
436 2068 635 2106 armatos
665 2059 877 2105 hortatur
909 2058 968 2103 ad
990 2059 1223 2105 assiduam
1258 2061 1512 2106 orationem
1535 2078 1620 2123 pro

80 2115 298 2163 omuibus
311 2150 323 2170 ,
339 2126 385 2162 et
408 2123 458 2166 it.
491 2132 558 2176 ¹9-
582 2137 666 2179 pro
682 2135 731 2165 se
747 2117 890 2163 Paulo
908 2151 921 2172 ,
942 2118 1116 2165 Christi
1137 2121 1295 2169 vincto
1314 2130 1399 2174 „ut
1415 2120 1557 2167 libere
1577 2133 1623 2168 et

76 2175 298 2230 audacter
311 2178 562 2225 annuntiet
576 2177 880 2241 Evangelium
897 2213 909 2232 ,
928 2185 978 2227 ἡ.
999 2195 1073 2226 20.
1224 2199 1226 2201 >
1299 2233 1303 2236 ⁴

137 2242 186 2283 ir.
210 2251 283 2282 αι.
306 2238 451 2286 Mittit
466 2238 719 2299 Tychicutn
738 2238 797 2284 ad
813 2255 972 2285 eorum
999 2239 1397 2302 consolationem3
1421 2242 1621 2303 denique

76 2295 201 2356 pacis
215 2307 259 2343 et
282 2297 436 2358 gratiae
452 2299 777 2361 apprecationc
795 2298 968 2345 claudit
986 2299 1257 2363 Epistolam.
