1800 3158
189 55 291 119 244
598 78 877 139 EPISTOLAE,
896 84 967 120 An
1001 79 1358 142 rumpamus

258 164 308 214 9.
344 141 412 197 Et
449 142 692 201 inveniar
711 147 767 202 in
791 147 912 218 illo,
950 174 1062 212 non
1085 156 1289 220 habens
1306 185 1483 224 meam
1501 171 1759 239 justitiam

183 251 300 299 quae
320 223 389 287 ‘ex
413 231 528 307 lege
549 246 657 301 est,
683 236 776 292 sed
799 237 949 297 issam
976 266 1090 315 quae
1111 268 1178 304 ex
1204 251 1310 309 fide
1331 267 1409 313 est
1434 256 1636 318 Christi
1659 264 1758 321 Je-

183 339 274 376 su:
294 341 412 390 quae
433 341 498 376 ex
524 322 744 383 Deosest
765 324 968 394 justitia
990 330 1045 395 in
1066 334 1173 391 fide
1188 378 1202 403 ‚

250 615 327 650 10.
352 595 437 651 Ad
459 601 890 668 cognoscendum
913 596 1064 662 illum
1083 650 1098 676 ‚
1129 621 1182 664 et
1205 609 1454 670 virtutem
1478 635 1750 678 resurrec-

169 680 331 739 tionis
354 686 492 781 ejus3
527 697 578 741 et
613 687 919 748 societatem
944 695 1255 764 passionum
1274 699 1435 769 fillius
1527 706 1748 780 0nfigu-

162 781 308 828 ratus
335 783 493 827 mort1
514 780 621 842 ejus
659 797 672 828 ε
1674 773 1681 779 i

239 936 319 969 ιι.
346 912 404 969 Si
441 935 545 983 quo
576 916 737 972 modo
761 938 1039 977 occurram
1072 923 1139 978 ad
1161 929 1599 993 resurrectionem
1624 957 1742 1007 quae

168 1013 245 1059 est
275 1023 338 1059 ex
363 1003 602 1061 mortuis.
1604 1039 1613 1043 ’

231 1116 310 1148 12.
347 1091 476 1150 Non
502 1093 644 1162 quod
681 1095 790 1164 jam
828 1099 1157 1171 acceperim,
1186 1115 1276 1158 aut
1318 1106 1429 1174 jam
1455 1108 1725 1179 perfectus

162 1179 263 1237 sim
296 1201 527 1251 :sequor
559 1194 736 1238 autem
774 1184 947 1255 siquo
979 1188 1139 1244 modo
1164 1193 1637 1264 comprehendam;
1666 1198 1727 1256 in

159 1290 269 1339 quo
299 1282 349 1326 et
375 1270 790 1341 comprehensus
814 1295 931 1330 sum
955 1279 984 1331 a
1015 1275 1230 1334 Christo
1254 1283 1398 1338 Jesu.
1655 1282 1659 1283 ⁷

225 1566 305 1617 13.
331 1563 539 1617 Fratres
557 1602 570 1629 ‚
594 1580 691 1630 ego
718 1580 801 1614 me
828 1580 937 1614 non
975 1561 1205 1617 arbitror
1228 1561 1730 1634 comprehendisse:

150 1670 320 1707 unum
345 1660 522 1704 autem
539 1691 551 1714 ‚
581 1669 696 1716 quae
723 1646 938 1716 quidem
964 1661 1104 1704 retro
1130 1662 1255 1705 sunt
1280 1650 1605 1709 obliviscens
1622 1693 1638 1721 ,
1660 1649 1730 1707 ad

147 1759 211 1796 ea
230 1741 356 1796 vero
387 1746 634 1807 quaesunt
656 1734 834 1805 priora
857 1735 1146 1792 extendens
1178 1736 1447 1807 meipsum
1469 1779 1486 1805 ‚

220 1887 299 1948 ¹4·
325 1878 412 1935 Ad
435 1873 754 1931 destinatum
774 1892 1088 1942 persequor,
1117 1871 1187 1928 ad
1207 1871 1460 1931 bravium
1483 1891 1727 1943 supernae

148 1968 440 2031 vocationis
469 1964 609 2032 Dei,
634 1962 691 2018 in
719 1961 932 2017 Christo
961 1965 1106 2018 Jesu.

225 2063 303 2115 15.
348 2053 691 2128 Quicumque
720 2069 843 2121 ergo
887 2047 1105 2118 perfecti
1138 2069 1358 2116 sumus,
1390 2047 1495 2102 hoc
1520 2046 1726 2103 sentia-

150 2170 271 2208 mus
295 2172 307 2202 :
328 2158 377 2202 ct
400 2143 443 2220 si
466 2140 594 2211 quid
632 2139 783 2194 aliter
816 2136 996 2207 sapitis
1016 2179 1029 2203 ‚
1071 2148 1122 2191 et
1154 2134 1256 2191 hoc
1283 2134 1431 2191 vobis
1454 2134 1607 2191 Deus
1632 2155 1724 2191 re-

191 2236 363 2297 elabit.

153 2264 186 2299 v
229 2333 307 2385 16.
327 2327 705 2381 Verumtamen
728 2316 795 2371 ad
827 2311 968 2383 quod
994 2309 1361 2381 pervenimus,
1391 2322 1451 2365 ut
1470 2309 1614 2367 idem
1632 2329 1722 2390 sa-

57 2429 65 2434 *
142 2418 368 2491 ,piamus
395 2423 446 2469 et
471 2409 528 2464 in
555 2406 744 2462 eadem
765 2419 1174 2472 permaneamus
1202 2396 1401 2470 regula.

231 2580 311 2630 ¹7·
328 2549 628 2608 Imitatores
649 2546 754 2597 mei
781 2550 943 2596 estote
962 2581 977 2606 ‚
1013 2536 1199 2592 fratres
1219 2576 1232 2600 ‚
1263 2545 1315 2589 et
1339 2534 1603 2590 observate
1625 2552 1721 2589 eos

159 2644 251 2717 qui
275 2642 350 2698 ita
371 2634 668 2698 ambulant,
693 2628 826 2686 sicut
853 2625 1054 2681 habetis
1077 2625 1306 2680 formam
1325 2632 1582 2678 nostram.

232 2756 311 2809 18.
334 2744 500 2804 Multi
517 2740 657 2798 enim
679 2735 980 2805 ambuiant,
996 2754 1128 2804 quos
1152 2750 1289 2801 saepe
1311 2729 1554 2786 dicebam
1571 2727 1723 2785 vobis

162 2850 347 2913 (nunc
372 2844 549 2891 autem
571 2839 619 2885 et
643 2827 775 2884 flens
800 2825 946 2888 dico)
963 2867 976 2893 ,
1011 2819 1261 2879 inimicos
1287 2817 1459 2875 crucis
1486 2814 1720 2886 Christi,
1746 2885 1752 2891 .
