1800 3158
452 104 680 144 umusx
699 106 1006 144 ιιειναόειτιο.
1047 91 1168 158 Οαρ.
1201 92 1276 145 ΙΙ.
1531 93 1630 160 417

271 254 703 306 OBSERVATloNEs
732 268 1055 305 DOGMATICAE
1081 268 1148 304 ET
1173 266 1435 304 MORALES.

137 403 263 457 Nota
286 403 364 455 hic
392 407 490 455 veri
515 414 561 456 et
588 406 732 457 fidelis
769 407 1083 471 praedicatoris
1104 408 1286 472 signum
1314 424 1326 455 ε
1349 408 1386 456 si
1422 407 1470 455 in
1492 422 1629 472 pres-

68 477 170 532 sura
194 491 380 549 propter
396 477 700 547 Evangelium
718 486 916 548 positus,
937 485 1130 533 verbum
1155 481 1244 533 Dei
1265 482 1513 548 praedicare
1532 500 1630 534 non

68 563 214 618 timet;
239 562 278 609 si
299 562 348 610 in
371 556 474 629 Deo
496 559 651 610 fidens
667 598 682 622 ‚
710 563 918 626 passione
949 560 1177 625 gaudens,
1211 560 1425 611 fiduciam
1451 561 1630 624 praedi-

0 673 5 675 a
67 638 199 688 candi
222 655 316 686 non
339 639 528 699 amittit,
549 636 683 701 hujus
703 639 1004 704 praedicatoris
1029 655 1180 688 sermo
1201 655 1297 688 non
1316 640 1402 688 erit
1420 656 1588 689 vacuus
1607 675 1622 702 ‚

65 715 151 765 sed
174 714 398 765 fructuum
425 714 600 781 plenus.

131 790 258 844 Nota
286 801 333 843 et
359 795 522 843 mirare
554 793 686 843 simul
725 790 816 842 Dei
841 794 1169 859 omnipotentis
1196 809 1301 858 erga
1328 810 1489 844 servos
1520 790 1629 843 suos

64 869 363 921 voluntatem.
385 867 576 931 Paulus,
604 870 762 919 divino
789 873 966 921 monitu
993 879 1036 920 et
1057 871 1196 932 jussu,
1223 873 1272 921 in
1297 870 1628 922 Macedoniam

63 948 189 997 vadit
223 945 525 1012 Evangelium
561 946 885 1013 praedicaturus
920 966 930 996 ε
973 944 1077 996 Deo
1117 952 1273 997 tamen
1308 949 1374 998 sic
1408 946 1624 1010 volente,

62 1023 229 1075 Paulus
249 1022 338 1075 Dei
356 1043 515 1076 servus
534 1062 548 1086 ‚
573 1024 679 1075 Deo
701 1025 951 1085 obediens,
973 1027 1035 1074 ibi
1060 1027 1195 1089 virgis
1219 1024 1401 1075 caeditur
1422 1062 1436 1089 ‚
1463 1028 1625 1076 incar-

62 1110 258 1164 ceratur,
280 1102 433 1152 multis
458 1101 583 1152 malis
599 1110 642 1151 et
661 1103 839 1168 probris
858 1103 1113 1166 impetitur;
1132 1100 1240 1150 vide
1262 1098 1368 1152 Act.
1396 1099 1474 1152 16.
1493 1093 1624 1169 fs·

74 1224 82 1234 ,
124 1174 266 1228 Adeo
288 1194 451 1227 verum
478 1185 547 1227 est
575 1177 698 1243 quod
731 1175 860 1227 Deus
894 1176 1062 1227 electos
1099 1193 1203 1226 suos
1227 1176 1338 1226 velit
1364 1175 1422 1226 ad
1449 1192 1626 1227 exem-

58 1255 182 1322 plum
203 1252 372 1306 Christi
396 1252 504 1305 Filii
525 1257 594 1304 sui
619 1257 709 1321 pati
730 1256 739 1304 l

126 1328 268 1382 Adeo
291 1349 453 1383 verum
471 1340 542 1382 est
564 1332 687 1398 quod
714 1333 870 1398 religio
900 1333 1169 1395 christiana,
1199 1335 1245 1382 in
1269 1348 1402 1383 cruce
1422 1331 1622 1397 fundata,

57 1424 189 1459 cruce
211 1411 273 1458 sit
301 1408 636 1474 multiplicanda
659 1410 669 1458 1

122 1484 261 1538 Adeo
284 1505 445 1538 verum
478 1496 548 1539 est
579 1488 704 1554 quod
725 1487 876 1538 salutis
899 1496 1070 1538 nostrae
1092 1495 1140 1539 et
1164 1489 1322 1539 alienae
1357 1493 1494 1556 gratia
1519 1526 1535 1555 ‚
1563 1494 1623 1543 sit

56 1570 104 1618 in
129 1567 383 1619 humilitate
406 1577 451 1619 et
474 1566 690 1635 patientia
711 1567 919 1618 fundata!

120 1643 262 1697 Fides
279 1684 293 1708 ‚
335 1650 452 1697 sicut
478 1664 668 1713 granum
712 1645 925 1697 frumenti
945 1682 960 1708 ‚
1000 1664 1094 1696 non
1139 1646 1483 1713 multiplicatur,
1530 1649 1621 1700 nisi

54 1724 353 1775 mortificetur
377 1741 390 1775 ε
419 1727 510 1791 quo
554 1724 706 1775 durius
748 1732 957 1775 tractatur
973 1763 987 1788 ‚
1010 1729 1067 1775 eo
1086 1725 1269 1775 uberius
1293 1728 1455 1777 crescit
1478 1733 1524 1777 et
1547 1726 1621 1776 di·

53 1801 226 1857 latatur.

129 1888 259 1939 Hinc
298 1884 613 1954 Augustinus,
655 1906 794 1940 serm.
828 1907 887 1958 9,
930 1889 989 1939 de
1033 1889 1202 1940 divers.
1244 1908 1342 1956 cap.
1380 1892 1446 1954 l„
1489 1892 1616 1957 quasi

6 2016 9 2018 a
52 1967 234 2015 semine
255 1967 486 2029 sanguinis
511 1966 698 2030 impleta
729 1974 795 2015 est
820 1968 1090 2032 martyribus
1109 1976 1223 2018 terra
1241 2006 1254 2032 ‚
1283 1978 1331 2020 et
1352 1970 1412 2020 de
1438 1969 1513 2020 illo
1538 1986 1616 2020 se·

49 2047 176 2094 mine
195 2059 328 2109 seges
349 2045 544 2093 surrexit
573 2041 812 2094 Ecclesiae.

118 2118 274 2170 Labor
312 2137 421 2185 ergo
450 2129 496 2171 et
523 2121 778 2171 humiliatio
806 2124 854 2171 in
894 2125 1145 2174 animarum
1188 2126 1446 2175 ministerio
1475 2140 1614 2191 quae-

49 2198 334 2248 renda'sunt.

117 2273 244 2320 Bene
269 2272 498 2336 patientes
517 2283 651 2336 erunt
674 2283 725 2322 ut
744 2280 1051 2338 annuntient,
1076 2276 1235 2341 psalm.
1261 2274 1344 2328 61.

113 2345 208 2397 Cor
229 2365 360 2398 suum
387 2358 608 2400 scrutetur
629 2351 705 2401 hic
728 2357 978 2404 animarum
1003 2358 1222 2406 minister.

118 2424 188 2496 ff.
205 2425 254 2475 3.
278 2426 559 2476 Exhortatio
580 2431 702 2477 em'm
725 2441 952 2484 nostra...-

115 2499 331 2553 Secundo
350 2539 364 2565 ,
386 2503 582 2568 explicat
607 2507 745 2573 qualIs
784 2506 917 2560 suerit
941 2511 1283 2576 praedicationis
1304 2528 1401 2563 suae
1425 2515 1602 2564 animus

45 2588 90 2630 et
110 2583 312 2630 materia.

114 2655 200 2710 Gr.
219 2657 345 2709 Nam
367 2659 623 2710 exhortatio
650 2669 831 2725 nostra,
857 2680 951 2714 non
980 2683 1039 2715 ex
1061 2664 1339 2731 impostura,
1366 2685 1519 2736 neque
1541 2687 1603 2721 ex
1652 2719 1659 2723 ,

48 2734 352 2787 immunditia.
377 2735 505 2788 Istud
523 2757 603 2798 ex,
630 2740 912 2806 praedicantis
947 2747 1148 2795 animum
1175 2746 1359 2798 indicat.

115 2809 262 2875 Quasi
296 2813 508 2865 diceret:
530 2812 803 2868 Praedicatio
835 2827 989 2871 nostra
1011 2821 1213 2873 nonfuit
1244 2825 1398 2874 animo
1414 2832 1602 2876 >mentes

43 2897 215 2940 vestras
238 2907 389 2942 errore
427 2891 724 2959 decipiendi,
753 2905 828 2947 aut
860 2899 995 2949 corda
1026 2909 1176 2951 vestra
1202 2903 1390 2968 impuris
1411 2919 1603 2962 sermo--¹
