1800 3158
404 101 618 161 'rmmx
651 98 937 136 Exposuro.
973 83 1092 149 Cap.
1126 80 1245 134 III.
1274 87 1277 90 ’
1510 77 1613 148 359

42 167 146 236 tatis
184 177 496 244 cognitionem
528 174 686 240 spiritu
709 179 957 224 renovatur
974 171 1033 222 ad
1063 172 1310 235 imaginem
1343 166 1438 221 Dei
1473 184 1606 219 crea-

42 257 153 307 toris
174 256 261 304 sui.

113 330 170 383 In
194 348 285 397 quo
302 308 636 381 reformationis
658 296 845 393 negotio
869 343 964 376 non
987 326 1231 377 attenditur
1256 343 1313 376 an
1335 327 1396 375 sis
1417 286 1613 375 Gentilis

46 424 94 467 et
116 413 339 474 JudaeuS,
362 414 649 462 circumcisus
670 418 714 461 et
735 411 1104 471 incircumcisus,
1129 405 1378 471 Barbarus,
1396 415 1472 457 aut
1488 403 1614 456 Bar-

46 497 160 546 baro
181 493 412 543 barbarior
438 488 608 558 Scytha
627 527 640 552 ,
668 507 826 540 servus
847 526 859 551 ,
894 496 969 539 aut
995 488 1140 549 liber3
1175 490 1278 554 quia
1302 484 1509 539 Christus
1543 493 1615 538 est

51 575 204 624 omnia
225 575 273 622 in
301 571 528 622 omnibus.

122 645 372 713 Propterea
395 666 479 698 vos
496 684 509 708 ,
544 655 759 711 tanquam
781 646 909 696 electi
938 642 1030 696 Dei
1049 681 1063 708 ,
1090 648 1116 695 a
1137 641 1323 696 Christo
1350 642 1617 694 sanctificati

54 734 99 778 et
115 729 142 776 ὲ
160 723 268 776 Deo
289 726 468 789 dilecti,
492 727 702 774 intimum
719 742 822 789 erga
842 723 999 775 fratres
1013 731 1192 774 vestros
1212 723 1384 773 induite
1403 721 1618 773 affectum

55 801 375 852 misericordiae
392 837 406 864 ,
432 802 691 850 comitatem
709 837 722 862 ,
750 799 1074 862 humilitatem,
1102 798 1374 869 modestiam
1390 836 1405 862 ‚
1429 800 1629 864 patiene

44 877 165 930 ‘tiam
186 898 198 937 ;
1583 868 1588 877 ’
1649 936 1651 938 ‚

128 953 223 1007 Alii
255 957 443 1007 aliorum
466 957 744 1008 infirmitates
765 958 1012 1018 sustinete,
1040 957 1109 1007 alii
1133 956 1227 1007 aliis
1247 955 1386 1006 illatas
1419 954 1617 1007 offensas
1678 946 1683 952 ’

61 1031 345 1094 condonate,
367 1034 481 1082 sicut
503 1040 548 1083 et
568 1029 772 1083 Christus
797 1032 994 1083 offensas
1018 1034 1153 1083 nobis
1174 1032 1467 1085 condonavit.

129 1207 278 1276 Super
300 1213 451 1260 omnia
471 1219 622 1261 autem
641 1211 760 1277 haec,
772 1210 1031 1262 charitatem
1059 1210 1243 1272 habete,
1269 1226 1370 1276 quae
1394 1207 1626 1260 vinculum

65 1294 134 1337 est
157 1285 550 1351 perfectissimum.

134 1381 197 1433 Et
230 1401 319 1448 pax
359 1379 525 1432 Christi
560 1383 621 1432 ad
649 1402 784 1450 quam
807 1387 955 1435 vocati
981 1387 1118 1447 estis,
1153 1387 1255 1434 curn
1286 1402 1428 1435 unum
1460 1399 1623 1449 corpus

65 1461 170 1512 facti
194 1464 299 1511 estis
315 1497 328 1521 ,
355 1464 518 1511 victrix
535 1461 703 1511 exultet
721 1465 768 1511 in
791 1462 1000 1511 cordibus
1021 1465 1180 1512 vestris
1200 1481 1213 1511 ι
1234 1470 1278 1512 et
1296 1462 1626 1513 beneficiorum

10 1538 17 1544 ’
68 1556 298 1592 memores
320 1547 491 1598 estote,
522 1539 597 1588 vel
618 1547 661 1588 et
681 1557 835 1589 comes
860 1548 901 1589 et
921 1542 1101 1604 gratiosi
1126 1541 1339 1589 omnibus
1361 1547 1524 1591 estote.

137 1614 358 1666 Doctrina
371 1613 720 1679 Christihabitet
740 1617 901 1680 jugiter
917 1619 963 1666 in
981 1617 1211 1667 mentibus
1231 1624 1275 1666 et
1293 1617 1505 1667 cordibus
1520 1633 1630 1666 ves·-

68 1697 177 1758 tris,
211 1712 388 1761 vosque
416 1694 580 1760 repleat
607 1697 733 1743 omni
763 1694 1003 1760 sapientiai,
1026 1693 1204 1746 Doccte
1233 1714 1318 1746 vos
1336 1734 1351 1760 ,
1383 1704 1428 1746 et
1455 1695 1629 1746 erudite

69 1775 271 1826 alii-alios
301 1776 482 1842 psalmis
501 1812 513 1834 ,
544 1774 727 1840 hymnis
760 1784 804 1825 et
836 1776 1069 1826 cantilenis
1097 1779 1336 1843 mysticis,
1367 1784 1521 1842 grato,
1554 1774 1628 1837 ju'·

72 1848 315 1924 cundoque
336 1853 472 1903 corde
496 1860 727 1903 cantantes
746 1850 836 1903 Dei
855 1852 1026 1902 laudes.

145 1964 318 2033 Omnia
341 1977 516 2030 vestra,
540 1986 620 2018 seu
645 1970 811 2030 verba,
843 1987 923 2019 seu
947 1987 1112 2035 opera,
1141 1971 1319 2036 dirigite
1340 1971 1397 2021 ad
1417 1970 1507 2024 Dei
1527 1972 1634 2038 glo-

76 2051 208 2110 riam,
229 2050 453 2103 invocato
454 2034 651 2114 §omine
670 2047 862 2102 Domini
880 2048 992 2100 Jesu
1015 2048 1214 2116 Christi,
1235 2061 1279 2104 et
1300 2069 1381 2119 per
1400 2071 1507 2105 eum
1524 2051 1632 2104 Deo

74 2120 202 2174 Patri
225 2126 384 2187 gratias
403 2115 604 2190 ag‘bnteS.

147 2229 392 2294 Mulieres,
415 2234 611 2284 subditae
636 2243 784 2286 estote
803 2238 910 2288 viris
932 2242 1134 2299 vestrisq·
1153 2239 1259 2300 juxa
1290 2236 1459 2290 Christi
1480 2239 1631 2305 legem

78 2302 260 2372 Deique
285 2308 579 2361 voluntatem.

148 2402 280 2467 Viri,
305 2407 474 2472 diligite
498 2427 664 2459 uxores
683 2420 883 2474 vestraS,
910 2422 956 2464 et
975 2414 1114 2465 nolite
1137 2433 1241 2481 erga
1268 2414 1361 2464 illas
1387 2431 1488 2466 esse
1513 2413 1636 2466 disfi-

83 2482 191 2531 ciles
215 2490 260 2532 et
286 2487 487 2547 morosi,
515 2494 559 2536 et
582 2487 639 2535 ad
661 2491 1005 2542 amaritudinem
1026 2501 1347 2560 provocantes·

151 2577 271 2643 Filii,
285 2581 469 2632 obedite
491 2586 780 2649 parentibus
768 2604 815 2636 m
833 2575 1072 2639 omnibus·
1089 2587 1180 2639 hoc
1197 2591 1321 2640 enim
1337 2586 1444 2640 Deo
1461 2590 1635 2656 placet,

0 2709 1 2713 ,
85 2658 159 2708 vel
185 2660 270 2711 tale
288 2669 357 2712 est
380 2660 570 2713 Domini
594 2664 946 2729 beneplacitum.

154 2751 343 2818 PatreS,
370 2757 512 2808 nolite
531 2759 670 2810 nimia
693 2768 933 2817 severitate
955 2765 1074 2818 filios
1099 2773 1274 2816 vestros
1288 2760 1347 2812 ad
1367 2759 1644 2825 indignatio-

86 2847 196 2958 }oem
235 2846 508 2897 provocare,
540 2853 600 2887 ne
639 2842 878 2895 concidant
915 2847 1099 2908 anim0,
1146 2842 1347 2906 hincque
1373 2837 1487 2889 nihil
1520 2838 1634 2892 boni

107 2910 268 2963 aciant.
