1806 3164
129 125 199 178 58
590 143 846 182 Ems'rom
882 147 954 182 An
996 147 1245 186 Evnnsms

127 232 308 266 novum
343 224 617 300 peccatum,
644 234 874 268 renovans
895 227 1052 269 vetera
1087 222 1134 269 in
1169 223 1335 287 quibus
1362 233 1590 291 peccator
1591 208 1703 279 sibl

131 293 411 359 complacet,
438 296 595 361 sicque
621 298 715 362 ipsa
738 297 831 346 sola
855 304 1027 370 tantam
1047 298 1188 350 habet
1210 301 1425 381 malitiam
1441 341 1456 367 ,
1485 312 1706 371 quantam

129 370 304 420 habent
329 389 381 420 ea
406 375 575 422 omnia

198 448 477 502 Recordatio
495 452 760 503 diffidentiae
774 461 820 502 et
834 453 1156 519 inquietudinis
1174 465 1240 507 est
1258 459 1524 532 periculosa,
1545 464 1704 527 gratiae

129 546 418 595 progressum
453 526 687 582 retardans
719 540 767 581 et
799 549 1040 598 exponens
1072 534 1247 599 lapsui*
1235 553 1284 586 111
1319 530 1604 603 recidivam,
1634 541 1715 592 οδ

129 607 513 673 desperationem.
1635 612 1638 618 ⁴
1710 617 1714 631 ²

197 682 478 736 RecordatIO
516 686 684 737 dotoris
720 687 778 736 de
812 696 1000 753 peccato
1035 699 1083 740 et
1116 691 1399 755 gratitudinis
1427 694 1490 743 ob
1518 697 1706 757 peccati

129 763 516 815 condonationem
534 802 548 828 ,
575 774 705 831 auget
729 769 942 830 gratiam,
971 765 1125 817 Deum
1145 769 1392 833 glorificat,
1415 779 1462 821 et
1484 772 1591 830 ideo
1607 772 1704 824 ha-

128 842 281 892 benda
302 842 589 909 frequenter,
616 850 664 894 et
684 844 741 893 ad
762 843 879 895 hanc
900 863 986 895 nos
1005 844 1205 897 hortatur
1233 845 1499 915 Apostotus.

475 1015 789 1051 OBSERVATIO
807 1017 1054 1056 ,MonALrs
1087 1005 1135 1051 in
1171 995 1229 1055 Jff.
1272 1024 1351 1055 12.

196 1153 253 1205 In
279 1157 448 1206 misero
474 1152 725 1206 Gentilium
757 1164 874 1206 statu
902 1156 1010 1206 vide
1042 1155 1271 1206 infelicem
1293 1153 1540 1207 Christiani
1567 1157 1702 1208 dam-

128 1237 221 1284 nati
246 1243 290 1284 et
313 1237 357 1283 in
375 1233 544 1283 inferos
568 1234 736 1283 detrusi
754 1242 954 1296 statum,
976 1236 1075 1283 sine
1097 1229 1283 1284 Christo
1294 1271 1312 1295 ,
1337 1237 1437 1284 sine
1456 1225 1552 1285 Deo
1567 1274 1583 1299 ,
1601 1239 1705 1288 sine

129 1313 300 1378 populo
327 1310 442 1362 Dei!

198 1395 280 1449 Ab
300 1399 395 1448 aliis
418 1400 641 1449 damnatis
660 1418 741 1465 per
759 1408 1073 1465 contemptum
1097 1401 1350 1451 ostenditur
1370 1402 1430 1451 ob
1446 1401 1704 1487 baptisma-

129 1477 220 1527 lem
241 1476 572 1540 characterem,
610 1496 746 1543 quem
769 1486 896 1542 geret
919 1480 965 1527 in
985 1487 1243 1528 aeternum.

201 1547 484 1606 Christianus
506 1573 554 1605 es
571 1593 585 1619 ,
614 1551 789 1605 Ctuisti
815 1556 1075 1606 membrum
1090 1593 1102 1617 ,
1129 1554 1220 1606 Dei
1241 1556 1359 1606 filius
1379 1594 1394 1620 ,
1416 1555 1564 1610 haeres
1585 1552 1703 1618 Det,

131 1631 336 1682 cohaeres
365 1627 539 1681 Christi
555 1653 568 1691 ;

200 1715 261 1766 Et
286 1734 396 1766 ecce
418 1717 656 1765 damnatus
683 1732 731 1764 es
752 1752 765 1777 ,
795 1719 820 1763 ὲ
857 1712 1042 1764 Christo
1074 1724 1120 1763 et
1140 1719 1165 1762 a
1191 1711 1361 1763 Christi
1391 1730 1583 1780 corpore
1605 1706 1706 1773 ab?
1744 1700 1746 1703 Ι
1797 1739 1801 1743 ·

130 1795 325 1851 scissus;
361 1796 386 1841 a
413 1790 501 1842 Dei
527 1795 760 1858 promissis
787 1791 1023 1854 exclusus,
1055 1794 1080 1840 a
1103 1799 1362 1840 sanctorum
1389 1794 1621 1843 consortio
1655 1794 1706 1849 in

130 1882 354 1925 aeternum
386 1880 653 1939 separatus,
695 1876 796 1921 sine
838 1872 1057 1932 Christe,
1102 1874 1201 1920 sine
1231 1873 1360 1934 Deo,
1399 1873 1498 1922 sine
1535 1870 1707 1965 populo

131 1951 250 2004 Dei!

129 2077 131 2079 ·
204 2045 338 2098 Heu!
362 2048 451 2097 heu
470 2050 478 2097 !
501 2045 804 2108 Christianus,
824 2049 922 2096 sine
939 2042 1150 2103 Christo;
1174 2045 1290 2094 filius
1313 2042 1425 2107 Dei,
1445 2046 1545 2093 sine
1566 2039 1705 2099 Deo3

132 2125 283 2176 haeres
306 2124 413 2186 Dei,
436 2125 643 2176 cohaeres
663 2123 862 2185 Christi,
889 2128 986 2174 sine
1005 2141 1104 2190 spe,
1127 2126 1224 2173 sine
1244 2112 1341 2186 ju're
1362 2123 1420 2173 ad
1442 2119 1534 2171 Dei
1553 2126 1702 2187 pacta,

133 2203 193 2254 ad
221 2204 536 2255 haereditatem
563 2201 762 2265 Christi,
796 2202 853 2252 ad
879 2203 1143 2251 societatem
1171 2200 1460 2249 sanctorum!

207 2290 390 2355 Quanta
412 2294 583 2342 rabies!
612 2298 803 2356 quantus
826 2289 971 2338 furor!
999 2288 1137 2355 quatis
1160 2296 1205 2337 et
1228 2293 1394 2351 quanta
1420 2282 1705 2348 desperatIo!

207 2370 327 2422 Haec
357 2375 531 2436 cogita,
556 2375 700 2429 time,
746 2386 857 2418 cave
895 2387 906 2416 :
936 2384 994 2416 ne
1018 2369 1098 2417 tibi
1126 2368 1415 2429 contingant,
1449 2371 1581 2413 utere
1612 2359 1710 2412 Dei

137 2450 278 2517 gratia
303 2454 412 2502 tibi
402 2470 447 2500 111
468 2448 654 2501 Christo
677 2457 722 2498 et
746 2456 933 2513 propter
946 2444 1192 2496 Christum
1216 2442 1349 2493 sacta.

207 2530 268 2589 fi.
310 2539 388 2588 13.
416 2539 562 2588 Nunc
596 2546 786 2585 autem..
793 2531 990 2601 .Syrus
1031 2552 1042 2579 :
1077 2549 1198 2581 nunc
1238 2539 1390 2580 autern
1426 2546 1509 2594 per
1542 2524 1710 2577 Jesum

143 2611 381 2666 Christum
401 2634 484 2665 vos
501 2652 514 2676 ,
545 2617 618 2682 qui
640 2612 882 2678 aliquando
901 2611 1132 2677 longinqui
1155 2612 1287 2658 eratis
1302 2644 1316 2669 ,
1339 2607 1441 2656 facti
1459 2606 1568 2654 estis
1585 2619 1709 2670 pro-

139 2697 298 2760 pinqui
323 2699 367 2747 in
392 2698 611 2759 sanguine
638 2687 830 2742 Christi.

208 2778 353 2842 Quasi
373 2779 574 2830 diceret:
593 2776 632 2828 E
639 2794 665 2827 x
688 2794 778 2842 quo
800 2770 1164 2824 Christiani-facti
1179 2774 1304 2831 estis,
1321 2770 1590 2820 haecomnia
1605 2779 1713 2872 quae

145 2875 207 2908 vo
221 2858 293 2907 bis
317 2859 522 2918 deerant,
550 2857 676 2906 dedit
699 2871 822 2904 mors
854 2861 896 2902 et
921 2855 1100 2917 sangnis
1127 2848 1315 2901 Christi.

212 2934 409 2988 Habetis
436 2934 698 2998 Christum,
721 2933 900 2984 habetis
922 2930 1110 2994 Deum,
1146 2929 1327 2980 habetis
1360 2931 1429 2992 jus
1450 2925 1510 2976 ad
1547 2924 1712 2974 hoere-
