1800 3158
72 156 74 158 ,
142 92 248 161 338
548 91 829 160 amsa-013
849 123 927 162 nn
962 107 1310 166 cozosssnses

214 195 471 266 Utramque
494 198 691 249 vitemus
713 205 760 249 et
780 215 865 250 nos
879 235 897 261 ‚
927 200 965 249 si
993 200 1052 250 ad
1076 199 1259 252 divinas
1280 202 1620 257 consolationes
1642 225 1730 259 as-

141 279 344 346 piramus
374 296 387 328 :
414 277 543 327 firma
572 279 631 327 sit
654 284 809 327 nostra
841 277 959 329 fides
990 281 1039 328 in
1065 287 1248 343 mente,
1274 290 1432 347 regnet
1461 281 1656 336 charitas
1678 287 1728 335 in

143 355 302 408 corde.

211 431 281 498 Υ.
305 434 355 486 3.
381 435 441 485 In
466 453 554 502 quo
583 441 692 484 sunt
714 425 874 482 bm'nes
897 434 1153 485 thesauri...
1171 434 1219 484 id
1241 442 1336 498 est,
1362 437 1411 486 in
1430 454 1522 502 quo
1541 434 1727 490 Christo

141 517 436 577 continentur
472 530 633 581 omnes
653 551 668 577 ‚
697 520 811 571 etc.;
847 515 979 580 quia,
1009 520 1058 563 ut
1096 510 1226 563 Deus
1252 522 1352 576 est,
1378 515 1475 581 ipsa
1507 518 1730 581 sapientia

138 590 322 653 Patris3
346 602 401 645 ut
425 594 595 655 homo,
621 591 876 643 mirabilem
896 591 1038 642 habet
1059 594 1326 659 sapientiam
1346 631 1361 658 ,
1385 592 1489 644 ticet
1510 592 1690 644 finitam
1709 631 1727 660 ‚

140 675 257 725 sicut
278 675 404 724 finita
433 684 499 725 est
525 677 621 738 ejus
648 674 814 723 anima.
838 674 840 676 ’
1551 667 1553 669 ’

208 748 266 802 In
296 749 510 817 Christo,
550 751 674 802 velut
709 753 757 800 in
789 745 891 799 arca
919 748 1207 815 pecuniaria,
1242 752 1536 801 continentur
1567 767 1735 800 omnes
1785 743 1787 749 ¹

129 831 351 903 Nxthesauri
373 834 619 898 sopz'entz'oe
644 840 690 879 et
715 831 941 878 scientim.

209 907 336 976 Ergo
358 918 487 960 extra
515 906 749 959 Christum
770 906 884 957 nihil
906 909 990 957 nisi
1015 908 1189 957 vanitas
1207 944 1222 970 ‚
1247 922 1373 955 error
1387 940 1403 968 ‚
1424 904 1594 959 illusio.

210 986 338 1056 Ergo
370 993 419 1041 in
455 990 551 1040 solo
582 985 766 1038 Christo
801 986 1044 1052 quaerenda
1087 987 1338 1052 sapientia,
1380 987 1595 1048 scientia,
1635 1002 1733 1038 ve-

138 1071 270 1121 ritas,
439 1063 441 1065 ’
763 1064 766 1067 ’

211 1144 339 1213 Ergo
365 1147 423 1196 ab
450 1162 505 1196 eo
532 1146 746 1194 continue
782 1142 981 1209 petenda
1009 1144 1228 1208 sapientia
1247 1179 1260 1205 ,
1298 1148 1387 1192 etc.
1411 1161 1423 1199 ;
1454 1158 1552 1190 non
1583 1143 1612 1190 a
1647 1138 1731 1192 si-
1780 1124 1789 1131 ’

142 1247 316 1291 mone,
348 1243 442 1277 non
464 1229 488 1274 a
516 1222 782 1284 Gnosticis‚
808 1223 868 1270 ob
897 1222 1133 1271 scientiam
1157 1223 1222 1270 sic
1252 1220 1409 1280 dictis,
1435 1235 1516 1268 seu
1542 1219 1646 1283 quia
1677 1235 1730 1268 se

140 1313 342 1361 scientes
384 1305 644 1372 jactabant3
685 1319 779 1353 non
821 1303 877 1350 ab
915 1297 1104 1364 Angelis
1163 1313 1277 1363 quos
1317 1295 1378 1344 illi
1426 1291 1733 1359 praeferebant

144 1383 352 1438 Christo.

215 1461 508 1516 Absconditae'.
532 1457 740 1510 Christus
765 1456 999 1506 thesaurus
1013 1459 1082 1502 est
1111 1448 1404 1500 absconditus
1423 1483 1438 1510 ‚
1462 1463 1602 1513 quem
1625 1445 1746 1500 sola,

144 1547 262 1598 fides
291 1543 489 1602 revelat,
529 1540 758 1591 humilitas
793 1537 968 1601 aperit,
993 1541 1041 1582 ut
1069 1530 1262 1581 charitas
1293 1545 1350 1580 eo
1389 1526 1726 1594 potiaturzfide

142 1630 301 1695 itaque
321 1634 367 1677 et
386 1623 640 1674 humilitate
666 1618 834 1670 accede
854 1617 911 1666 ad
932 1615 1057 1664 hunc
1076 1613 1359 1663 thesaurum.

217 1699 277 1760 fi.
314 1705 362 1766 4.
386 1704 492 1752 Hoc
525 1708 681 1748 autem
717 1697 820 1745 dico
840 1733 853 1758 ‚
900 1691 1097 1753 scilicet,
1137 1690 1195 1739 de
1228 1685 1399 1738 Christi
1431 1682 1656 1753 sapientia
1683 1693 1735 1736 et·

147 1781 362 1838 scientia.

229 1865 292 1914 Ut
318 1878 452 1911 nemo
469 1875 552 1908 vos
570 1854 795 1919 decipiat,
817 1851 1033 1900 nimirum
1049 1846 1134 1895 sub
1150 1845 1361 1911 specioso
1378 1842 1571 1892 nomine
1581 1842 1730 1891 scien·

101 2007 104 2009 ,
148 1958 225 2008 tiae
244 1962 290 2004 et
315 1949 551 2017 sapientiae
577 1943 703 2011 quod
724 1942 931 1992 ambiunt
953 1946 1000 1987 et
1030 1936 1314 2002 promittunt.

219 2037 280 2085 In
301 2031 593 2083 sublimitate
631 2039 917 2074 sermonum.
946 2015 1031 2068 Gr.
1068 2018 1115 2065 in
1140 2011 1436 2064 suasibilitate
1467 2011 1741 2073 sermonis,

151 2111 201 2163 ἐν
225 2102 565 2173 πιθανολογίᾳ,
594 2105 799 2153 oratione
822 2093 1048 2168 speciosa.

223 2191 522 2245 Colossenses
549 2192 706 2235 contra
727 2192 1039 2247 quoscumque
1062 2164 1470 2236 pseudoapostolos
1485 2163 1730 2229 praemunit

155 2278 342 2348 quidem
359 2312 372 2336 ‚
396 2291 448 2323 ac
465 2269 702 2337 speciatim
725 2271 882 2314 contra
908 2256 1200 2308 Simoniauos
1218 2290 1230 2314 ‚
1255 2252 1330 2316 qui
1357 2262 1492 2297 vanae
1513 2243 1730 2312 philoso-

151 2359 282 2426 phiae
302 2354 473 2421 placitis
490 2347 682 2407 imbuti,
711 2341 922 2392 sublimia
959 2336 1174 2385 dicebant
1197 2331 1257 2380 de
1282 2325 1477 2392 Angelis
1495 2361 1509 2386 ‚
1534 2323 1594 2373 de
1611 2319 1738 2374 AEo·

149 2437 322 2497 nibus,
355 2438 443 2482 etc.
464 2428 647 2491 suisque
667 2419 958 2471 sermonibus
996 2410 1228 2476 simplices
1253 2414 1276 2458 a
1301 2400 1496 2455 Christo
1519 2410 1736 2453 avertere

152 2518 448 2585 satagebant,
470 2517 520 2559 ut
543 2504 600 2556 ad
625 2500 910 2568 Angelorum
932 2494 1101 2545 cultum
1125 2487 1441 2540 transferrent.

226 2587 287 2651 Ῠ.
313 2595 361 2646 5.
386 2591 517 2642 Nam
540 2587 629 2635 etsi
651 2598 838 2647 corpore
857 2578 1026 2625 absens
1045 2590 1202 2621 sum...

228 2673 532 2736 Consequens
555 2672 648 2716 erat
666 2661 817 2711 dicere
835 2651 924 2704 :Et
949 2652 1061 2701 novi
1083 2648 1360 2713 deceptores
1377 2676 1390 2702 ,
1412 2638 1474 2687 ait
1487 2632 1551 2687 D.
1573 2628 1738 2700 Chry·
1782 2693 1800 2720 ᾗ,

157 2760 389 2808 sostomus
406 2784 417 2806 ‚
445 2743 527 2795 sed
552 2741 721 2791 desinit
747 2739 793 2785 in
823 2732 1103 2784 encomium.
1776 2727 1788 2783 ξ,

237 2827 461 2879 Gaudetis
494 2830 537 2870 el
567 2818 731 2869 videns
768 2812 976 2862 ordinem
1010 2815 1271 2858 vestrum...
1772 2846 1787 2869 ι

230 2903 335 2974 Syr.
353 2910 396 2953 et
413 2897 588 2965 gaudeo
615 2891 738 2959 quod
755 2888 940 2939 videam
960 2885 1173 2933 ordinem
1194 2883 1398 2931 vestrum
1415 2879 1459 2959 et
1477 2869 1741 2920 firmitatem
1760 2894 1763 2901 ι

164 2984 274 3038 fidei
297 2990 490 3042 vestrae,
522 2990 622 3042 quae
645 2978 714 3022 est
734 2971 783 3018 in
804 2964 988 3018 Christo
1011 2959 1145 3012 Jesu.
