1806 3164
466 43 998 102 Tmphssx„Exl’OslTlo.
1025 33 1170 99 δεμ.
1192 33 1266 84 ΙΙ.
1567 36 1643 104 24¹

543 315 772 372 CAPUT
807 315 1194 368 SECUNDUM.

689 482 1024 547 Parophrasis.

0 628 2 651 l

86 623 217 734 ET
239 699 347 744 vos,
371 679 400 732 ὁ
421 678 636 745 Ephesii,
657 685 758 730 curn
772 680 1056 747 spiritualiter
1078 682 1240 731 essetis
1259 682 1454 744 mortui,
1483 687 1641 745 utpote

83 762 251 827 privati
266 757 404 824 gratia
425 757 512 810 Dei
531 797 543 820 ,
568 761 614 809 in
638 762 832 825 peccatis
855 762 1014 808 vestris
1034 762 1264 816 immersi;

149 855 207 908 In
218 859 380 923 quibus
395 857 632 922 aliquando
647 859 823 907 vixistis
839 858 1089 907 secundum
1107 856 1381 906 mundanam
1400 854 1532 918 hujus
1547 874 1642 907 sae-

81 933 170 984 culi
191 935 435 987 vanitatem
450 968 464 991 ‚
482 940 527 980 et
545 932 795 981 secundum
818 931 1000 982 ductum
1018 931 1215 992 diaboli,
1246 932 1320 995 qui
1342 946 1465 979 suam
1485 933 1533 982 in
1551 931 1642 981 hoc

77 1029 188 1063 aere
209 1018 476 1076 potestatem
499 1018 682 1060 exercet
701 1030 712 1069 ;
1086 1079 1091 1085 j

148 1092 293 1144 Juxta
315 1094 526 1156 ductum,
553 1098 734 1162 inquam
756 1133 767 1158 ,
791 1093 971 1160 spiritus
993 1093 1202 1158 maligni,
1234 1095 1308 1159 qui
1345 1097 1438 1145 vim
1464 1105 1510 1146 et
1535 1113 1641 1146 ma-

79 1171 327 1237 lignitatem
345 1189 471 1222 suam
509 1181 692 1222 exercet
726 1175 772 1221 in
806 1172 1018 1228 homines
1057 1171 1310 1221 incredulos
1346 1169 1541 1238 Deoque
1565 1191 1639 1223 re·

79 1247 219 1298 belles
232 1264 246 1292 ι

148 1323 205 1374 In
248 1326 410 1390 quibus
443 1327 578 1374 etiam
594 1325 776 1375 ‘delictis
810 1333 854 1373 et
881 1341 964 1372 nos
989 1319 1344 1372 Judaei'omnes
1385 1323 1635 1389 aliquando

81 1405 301 1462 viximu3‚
317 1405 696 1467 concupiscentiae
718 1401 953 1451 desideriis
969 1401 1258 1463 obediente8‚
1283 1410 1321 1450 et
1339 1401 1638 1451 sensualitatis

84 1487 130 1531 et
153 1480 412 1530 ambitionis
434 1481 685 1528 actionibus
714 1479 1024 1544 indulgente33

148 1557 257 1610 Uno
286 1559 459 1619 verbo,
495 1559 678 1608 naturali
700 1558 851 1607 nostra
871 1560 1158 1621 corruptione
1183 1561 1242 1607 ita
1264 1560 1640 1623 concupiscentiis

77 1630 249 1691 dediti,
284 1640 332 1681 ut
362 1647 566 1682 essemus
599 1633 728 1698 plane
763 1641 806 1682 et
833 1635 1021 1681 omnino
1050 1642 1312 1698 peccatores
1351 1641 1396 1682 et
1421 1633 1497 1682 filii
1521 1635 1597 1682 irae
1618 1668 1634 1696 ,

75 1698 190 1761 sicut
216 1711 386 1758 caeteri.

144 1787 214 1840 At
235 1788 362 1840 Deus
377 1827 389 1850 ‚
412 1791 486 1854 qui
506 1788 637 1838 valde
660 1796 703 1838 et
723 1789 910 1839 multum
926 1792 1181 1839 misericors
1202 1797 1270 1838 est
1286 1827 1298 1850 ‚
1321 1798 1504 1854 propter
1519 1788 1630 1839 mul-

77 1877 171 1920 tam
189 1878 233 1919 et
256 1870 472 1918 eximiam
498 1866 757 1916 charitatem
777 1884 931 1927 suam,
961 1866 1048 1932 quai
1068 1884 1150 1915 nos
1174 1866 1354 1925 dilexit,

147 1959 265 2012 Cum
284 1963 565 2029 spiritualiter
596 1963 658 2011 ob
681 1963 840 2012 delicta
875 1972 1027 2013 nostra
1057 1966 1219 2013 mortui
1243 1978 1445 2012 essemus
1462 1999 1474 2021 ‚
1497 1963 1634 2012 etiam

26 2059 28 2066 ’
73 2057 162 2090 nos
179 2040 235 2090 ad
249 2040 605 2100 similitudinem,
626 2048 670 2090 et
688 2041 745 2089 ad
769 2041 1030 2107 exemplum
1050 2037 1233 2100 Christi,
1252 2042 1375 2101 cujus
1394 2037 1531 2103 gratia
1546 2039 1636 2088 sal-

72 2122 166 2170 vati
180 2137 333 2169 sumus
348 2156 361 2180 ‚
401 2121 772 2184 convivificavit,
796 2125 821 2170 a
843 2121 1055 2186 spirituali
1091 2127 1237 2170 morte
1257 2136 1343 2168 nos
1367 2121 1632 2182 suscitavit,

72 2199 185 2247 sicut
202 2196 323 2246 illum
347 2201 373 2245 a
388 2196 634 2262 corporali:

140 2273 206 2326 Ut
228 2293 311 2325 nos
329 2276 566 2341 aliquando
585 2292 722 2325 novae
746 2283 790 2324 et
806 2276 1009 2339 gloriosae
1028 2272 1198 2325 Christi
1219 2277 1323 2324 vitae
1338 2272 1505 2323 faceret
1525 2289 1629 2337 par-

72 2354 231 2417 ticipes
249 2389 265 2415 ,
288 2361 333 2402 et
351 2357 439 2402 una
463 2370 566 2402 curn
587 2355 685 2418 ipso
711 2353 960 2403 consedere
983 2352 1086 2403 fecit
1107 2370 1242 2418 super
1269 2369 1430 2402 omnes
1458 2349 1596 2400 coelos
1614 2384 1630 2411 ‚

75 2431 124 2480 in
145 2427 346 2490 thronis,
369 2446 492 2479 nunc
517 2447 596 2495 per
622 2448 779 2498 spem,
811 2431 1047 2496 aliquando
1063 2433 1224 2496 reipsa.

145 2591 271 2644 Haec
291 2602 442 2644 autem
463 2595 616 2643 omnia
641 2590 768 2643 Deus
790 2595 928 2644 nobis
948 2593 1053 2645 fecit
1071 2633 1084 2657 ‚
1111 2603 1159 2644 ut
1183 2597 1229 2644 in
1263 2595 1464 2644 venturis
1489 2607 1631 2657 usque

72 2667 132 2716 ad
151 2669 292 2719 finem
319 2671 476 2720 mundi
514 2671 687 2720 saeculis
717 2670 1019 2722 manifestaret
1049 2673 1382 2737 exuberantem
1412 2669 1632 2733 magnifi-

72 2748 265 2794 centiam
284 2764 408 2797 suam
436 2765 516 2812 per
531 2749 859 2811 benignitatem
889 2766 1020 2813 quam
1045 2767 1149 2814 erga
1175 2765 1259 2798 nos
1289 2747 1533 2812 impendit-
1550 2762 1632 2812 per

71 2819 232 2873 Jesum
255 2820 507 2885 Christum3
535 2833 700 2891 utque,
731 2825 783 2876 ea
804 2826 1083 2878 manifestata
1099 2864 1112 2890 ‚
1140 2826 1248 2879 inde
1270 2825 1557 2892 glorificetur.

273 2905 346 2941 lv.
1389 2911 1440 2943 2.
