1800 3158
340 135 345 137 *
433 111 648 163 'ramex
669 117 967 181 ³txposm0.
1004 100 1127 169 Cap.
1163 97 1280 154 III.
1548 98 1650 168 357

525 392 794 453 CAPUT
832 390 1219 448 TERTIUM.

709 564 1043 630 Parophrasis.

90 705 557 818 QUAMDQUIDEM
579 767 660 817 per
679 746 965 815 Baptismum
993 754 1083 800 una
1105 767 1207 800 cum
1239 746 1425 799 Christo
1447 767 1652 800 resurre-

84 826 215 877 xistis
232 863 244 887 ,
273 845 467 894 superna
504 831 717 894 quaerite,
747 829 828 877 ubi
860 825 1066 879 Christus
1090 831 1376 879 resuscitatus
1399 828 1567 878 residet
1596 828 1654 878 ad

86 905 294 956 dextram
314 904 423 957 Dei.

153 1009 359 1079 Superna
379 1013 546 1079 diligite
564 1052 579 1078 ,
604 1023 753 1065 curate
769 1051 782 1077 ,
809 1023 982 1080 gustate
1001 1051 1016 1077 ,
1042 1031 1137 1063 non
1163 1022 1357 1064 terrena.

155 1097 364 1150 Terrena
377 1137 390 1162 ,
413 1102 622 1166 inquam,
643 1103 859 1168 despicite
872 1140 884 1164 ,
909 1105 1010 1167 quia
1026 1102 1106 1152 illis
1123 1118 1203 1167 per
1218 1098 1502 1168 Baptismurn
1520 1119 1648 1153 mor-

86 1185 151 1232 tui
181 1183 288 1245 estis
300 1199 327 1230 .:
351 1181 550 1230 coelestia
578 1187 689 1232 vero
713 1172 887 1239 c'urate,
917 1183 1018 1246 quia
1049 1198 1129 1246 per
1161 1178 1449 1245 Baptismum
1481 1181 1652 1232 coelesti

86 1259 182 1312 vita
211 1263 396 1322 vivitis,
438 1258 594 1325 ignota
626 1261 812 1325 quidem
841 1260 1136 1321 hominibus,
1175 1268 1219 1309 et
1255 1257 1348 1309 tota
1385 1277 1508 1309 nunc
1549 1278 1654 1311 cum

88 1338 273 1391 Christo
295 1339 562 1390 abscondita
587 1341 635 1389 in
660 1337 765 1388 Deo
791 1355 804 1397 3
831 1347 874 1388 at
898 1354 1001 1402 quae
1032 1339 1266 1404 apparebit
1292 1338 1549 1406 aliquando.

154 1414 275 1468 Cum
303 1415 509 1468 Christus
528 1454 541 1478 ,
573 1418 621 1466 in
649 1433 739 1482 quo
762 1424 808 1466 et
833 1417 890 1465 de
919 1433 1009 1480 quo
1037 1418 1233 1477 vivetis,
1261 1417 1532 1480 judicaturus
1556 1436 1647 1485 ap·-

81 1498 309 1563 paruerit,
336 1496 616 1561 gloriamque
648 1508 774 1544 suam
807 1494 1188 1554 manifestaverit,
1222 1502 1330 1544 tunc
1351 1502 1397 1544 et
1428 1507 1511 1544 vos
1542 1514 1647 1547 cum

81 1581 184 1645 ipso
202 1579 474 1644 apparebitis
494 1577 707 1642 gloriosi,
731 1578 912 1641 vitaque
929 1584 1081 1626 vestra
1096 1575 1283 1641 fulgebit
1300 1579 1506 1627 omnium
1526 1595 1646 1629 ocu-

81 1654 138 1708 lis
160 1659 417 1722 conspicua.

154 1733 431 1786 Mortificate
449 1752 557 1800 ergo
578 1733 780 1784 hominis
800 1735 989 1796 terreni,
1011 1737 1085 1799 qui
1099 1736 1146 1783 in
1165 1733 1303 1784 vobis
1318 1743 1403 1796 est,
1421 1736 1648 1800 membra,

83 1827 166 1861 seu
201 1809 387 1861 affectus
423 1829 616 1877 pravos,
656 1810 1003 1861 fornicationem
1037 1811 1207 1860 scilicet
1229 1849 1242 1872 ,
1280 1812 1645 1874 immunditiam,

85 1905 273 1938 ornnem
296 1889 535 1937 libidinem
556 1924 569 1948 ,
597 1890 750 1936 omnia
769 1887 884 1937 mala
903 1887 1126 1936 desideria
1142 1923 1155 1949 ,
1179 1895 1223 1936 et
1243 1890 1476 1952 speciatim
1496 1890 1647 1939 avari-

83 1971 229 2032 tiam,
253 1985 357 2035 quae
385 1977 453 2018 est
473 1967 735 2018 idololatria.

152 2089 353 2159 Propter
376 2108 476 2158 quae
499 2098 682 2158 peccata
702 2090 862 2139 venire
881 2086 994 2138 solet
1013 2089 1075 2137 ira
1098 2083 1187 2137 Dei
1206 2088 1252 2137 in
1271 2087 1540 2140 incredulos.

92 2290 93 2293 ¹
154 2265 276 2332 Quae
295 2269 402 2318 vitia
428 2275 472 2316 et
490 2283 572 2316 vos
594 2265 831 2332 aliquando
851 2266 1137 2315 commisistis
1154 2302 1169 2330 ‚
1193 2267 1295 2314 cum
1317 2267 1442 2329 juxta
1471 2281 1652 2315 concu-

84 2349 321 2418 piscentiae
345 2355 512 2396 vestrae
534 2354 685 2395 motus
708 2347 940 2395 viveretis.

151 2460 294 2515 Nunc
317 2470 468 2513 autem
489 2461 704 2526 deponite
734 2464 868 2513 etiam
889 2461 994 2512 haec
1025 2463 1175 2511 omnia
1197 2499 1209 2524 ,
1236 2460 1405 2511 scilicet
1422 2494 1435 2520 ,
1466 2460 1576 2510 iram
1597 2470 1644 2513 et

82 2543 475 2607 indignationem,
512 2539 726 2590 malitiam
746 2578 761 2604 ,
805 2540 1190 2610 maledicentiam,
1238 2549 1417 2604 turpem
1463 2555 1642 2590 sermo-

83 2634 212 2672 nem.

153 2741 312 2804 Nolite
333 2743 564 2795 fraudibus
583 2751 630 2794 et
650 2743 896 2803 mendaciis
917 2761 1001 2794 vos
1021 2744 1348 2792 circumvenire
1365 2778 1379 2803 ,
1400 2739 1483 2791 sed
1503 2740 1548 2790 in
1569 2747 1650 2789 to-

85 2828 180 2871 tum
204 2819 422 2884 deponite
448 2828 655 2871 veterem
677 2817 916 2871 hominem
939 2833 1042 2871 cum
1063 2821 1315 2870 actionibus
1332 2821 1439 2869 suis.

121 2971 124 2983 ,
152 2931 215 2985 Et
245 2952 419 2986 novum
445 2951 548 2984 cum
569 2937 660 2985 suis
683 2935 855 2987 induite
890 2935 1013 2986 illum
1030 2973 1044 3000 ,
1068 2936 1225 3002 inquio
1244 2971 1258 2999 ,
1298 2935 1372 3001 qui
1387 2933 1490 2999 =per
1508 2932 1640 2982 veri-
