1800 3158
117 109 219 162 300
535 127 793 164 EmS'roLAE
829 130 899 164 An
933 131 1274 171 conossmses

186 212 267 248 20.
292 192 360 245 Et
381 213 476 260 per
505 214 628 249 eum
655 195 1001 253 reconciliare
1027 199 1208 254 omnia
1230 193 1289 255 in
1309 199 1508 271 ipsuui,
1533 204 1686 274 paci-

115 282 283 336 ficans
307 302 401 349 per
424 281 751 353 sanguinem
742 284 953 341 Crucis
974 287 1120 355 ejuS,
1147 287 1253 343 sive
1273 290 1389 358 quae
1422 288 1480 345 in
1502 290 1650 349 terris
1668 333 1685 361 ,

117 368 224 424 sive
255 389 371 437 quae
394 367 451 422 in
479 367 622 424 coelis
645 380 784 426 sunt.
1316 361 1319 363 ‚

186 501 267 531 21.
303 475 369 530 Et
395 497 486 531 vos
503 518 517 544 ‚
558 480 681 532 cum
706 476 886 534 essetis
910 478 1194 549 aliquando
1221 474 1468 553 alienati,
1505 482 1687 540 etini-

117 566 244 623 mici
269 588 427 623 sensu
450 567 507 621 in
531 568 788 637 operibus
817 569 971 626 malis
995 594 1007 624 ε

188 748 269 787 22.
289 729 451 787 Nunc
467 741 642 785 autem
667 729 1028 786 reconciliavit
1053 731 1110 785 in
1132 753 1355 802 corpore
1381 735 1555 792 carnis
1573 737 1689 806 ejus

119 839 214 886 per
233 831 460 874 mortem
481 863 496 887 ‚
528 818 772 875 exhibere
799 841 893 876 vos
923 834 1131 876 sanctos
1147 864 1161 890 ‚
1186 834 1238 877 et
1255 822 1622 883 immaculatos
1637 837 1694 883 et·

119 901 606 972 irreprehensibiles
631 926 812 962 coram
841 904 956 975 ipso
977 948 992 973 ,

191 1066 274 1117 23.
302 1060 361 1116 Si
386 1073 563 1116 tamen
590 1061 909 1131 permanetis
948 1059 1003 1115 in
1035 1060 1139 1116 fide
1169 1059 1402 1128 fundati,
1430 1074 1482 1117 et
1518 1061 1689 1118 stabi-

115 1150 192 1205 les
211 1191 225 1216 ,
255 1161 305 1203 et
327 1148 629 1206 immobiles
648 1154 677 1205 a
699 1171 792 1219 spe
814 1148 1083 1220 Evangelii
1104 1150 1247 1218 quod
1267 1148 1484 1205 audistis
1504 1190 1519 1217 ,
1543 1147 1690 1218 quod

114 1235 457 1303 praedicatum
497 1246 574 1290 est
614 1235 668 1289 in
709 1233 952 1289 universa
994 1237 1233 1288 creatura
1278 1256 1395 1303 quae
1436 1233 1534 1289 sub
1560 1233 1688 1288 coelo

117 1330 195 1375 est
218 1362 231 1388 ‚
259 1319 411 1388 cujus
432 1317 605 1374 factus
626 1339 744 1374 sum
765 1338 860 1390 ego
887 1318 1094 1372 Paulus
1118 1315 1376 1372 minister·

186 1577 265 1638 24.
305 1570 417 1646 Qui
453 1591 597 1626 nunc
619 1570 822 1641 gaudeo
856 1569 910 1623 in
954 1566 1288 1637 passionibus
1311 1585 1407 1636 pro
1429 1555 1614 1630 stabis,
1638 1573 1720 1618 et:

116 1657 387 1727 adimpleo
413 1677 475 1713 ea
500 1679 616 1726 quae
643 1657 833 1713 desunt
871 1655 1177 1725 passionum
1216 1653 1418 1711 Christi
1446 1653 1503 1708 in
1531 1669 1690 1708 carne

115 1745 235 1800 mea
254 1786 268 1813 ‚
297 1764 393 1812 pro
418 1763 642 1812 corpore
669 1742 811 1812 ejus,
837 1742 981 1811 quod
1003 1752 1081 1795 est
1109 1737 1376 1806 Ecclesia,

140 2065 142 2067 ’
191 2059 271 2110 25.
314 2054 482 2124 Cujus
521 2050 689 2109 factus
722 2073 840 2108 sum
870 2070 966 2122 ego
1003 2048 1242 2104 minister
1260 2044 1550 2103 secundum
1574 2042 1687 2098 dis-

121 2139 489 2212 pensationem
519 2138 655 2204 Dei,
699 2159 815 2207 quae
858 2136 978 2191 data
1013 2145 1090 2190 est
1113 2130 1246 2187 mihi
1282 2130 1337 2184 in
1359 2147 1476 2195 vos,
1508 2124 1687 2189 utim-

120 2229 296 2301 pleam
323 2226 542 2284 verbum
570 2223 675 2281 Dei
700 2250 712 2278 ι

194 2383 277 2436 26.
307 2377 628 2450 Mysterium
658 2375 801 2445 quod
828 2371 1187 2430 absconditum
1225 2366 1368 2423 fuit
1352 2388 1382 2422 a
1404 2361 1608 2422 saeculis
1634 2371 1690 2418 et

125 2463 579 2539 generationibus,
635 2482 779 2516 nunc
820 2470 996 2514 autern
1057 2451 1447 2510 manifestatum
1493 2443 1690 2503 sanctis

125 2557 269 2627 ejus,

194 2688 276 2735 27·
301 2663 505 2731 Quibus
529 2658 694 2717 voluit
728 2659 880 2714 Deus
906 2665 1057 2710 notas
1079 2653 1250 2708 facere
1279 2643 1485 2703 divitias
1512 2638 1691 2715 gloriae

128 2752 441 2810 sacramenti
481 2750 639 2819 hujus
680 2749 736 2804 in
775 2744 1015 2820 gentibus
1037 2787 1052 2812 ‚
1076 2741 1220 2814 quod
1242 2749 1319 2796 est
1360 2731 1649 2792 Christus
1632 2751 1692 2787 ln

129 2839 279 2898 vobis
305 2861 425 2912 spes
454 2838 633 2912 gloriae
652 2881 666 2906 ‚
