1800 3158
162 37 290 106 478
342 31 345 41 “
404 52 593 117 PnnvrAE
613 31 886 94 Ems'roLAE
920 54 989 90 An
1023 19 1291 108 ‘rnEssnnf

227 124 364 177 Circa
398 130 581 191 januam
601 126 944 190 claudendam,
969 131 1157 194 egregie
1174 137 1407 196 comparat
1397 102 1643 196 ‘duorum
1637 129 1737 192 ho.-

162 209 338 258 minum
367 222 474 269 ora,
504 223 556 255 se
582 206 738 256 verbis
763 210 1103 277 appetentium,
1132 206 1342 265 duabus
1326 208 1477 273 ‚anuis
1498 195 1681 275 apertis
1684 217 1740 270 et

164 304 223 336 ex
248 285 442 335 adverso
477 287 661 350 positis,
688 302 768 350 per
804 303 913 353 quas
938 287 1064 335 irruit
1084 295 1286 337 ventus:
1308 304 1445 348 unam
1464 289 1504 337 si
1525 285 1733 352 claudam

163 372 309 415 cessat
330 371 516 413 ventus.
1018 416 1020 420 ¹

232 439 300 505 Ῠ.
327 461 408 491 22.
433 442 509 491 Ab
531 441 665 489 omni
681 433 831 505 specie
854 444 975 491 mali
991 442 1234 493 abstinete.

233 516 375 582 Quod
412 520 615 583 speciem
654 517 794 567 habet
817 518 952 579 mali,
998 524 1082 570 etsi
1119 522 1282 571 revera
1316 516 1490 570 malum
1526 514 1630 574 non
1647 520 1738 593 sit,

163 598 404 662 relinquite
431 605 613 658 tamen,
635 603 761 645 metu
781 597 1018 650 scandali.

233 673 430 724 Inlirmis
457 674 556 739 plus
580 682 716 757 nocet
739 678 915 739 species
950 674 1084 738 mali,
1113 692 1247 739 quam
1276 673 1478 725 malum
1466 689 1617 739 ipsum
1641 673 1736 727 for-

166 755 376 804 tioribuS.
1710 768 1713 769 ’

233 830 360 883 Cave
392 834 543 897 itaque
564 870 578 895 ,
615 830 778 895 frater,
807 849 868 881 ne
909 849 991 898 per
1013 840 1060 882 te
1084 839 1239 899 pereat
1261 814 1500 894 infirmus,
1547 837 1738 902 propter

166 928 304 978 quem
330 919 533 960 mortuus
557 919 625 961 est
650 908 875 960 Christus.

232 985 290 1044 fi.
313 992 392 1042 23.
421 992 527 1057 Ipse
545 1001 701 1040 aretem
728 993 857 1040 Deus
871 994 1054 1057 pacis...

235 1066 356 1132 Quia
378 1086 474 1119 non
495 1072 680 1118 monitis
708 1072 908 1132 tantum,
946 1068 1025 1118 sed
1051 1075 1098 1118 et
1121 1065 1212 1117 Dei
1234 1061 1372 1132 gratia
1396 1063 1656 1130 indigemus
1677 1060 1739 1117 ad

165 1151 398 1198 sanctitat
389 1165 454 1198 m

234 1223 363 1275 Hinc
380 1184 507 1276 datis
529 1227 716 1275 monitis
735 1261 748 1285 ‚
784 1231 880 1272 orat
905 1221 1090 1271 tandem
1111 1218 1389 1285 Apostolus,
1420 1226 1470 1268 ut
1499 1215 1628 1275 Deus
1653 1233 1738 1266 eos

164 1306 212 1352 in
249 1304 463 1352 omnibus
502 1311 546 1351 et
572 1321 654 1368 per
682 1305 835 1352 omnia
872 1300 1152 1360 sanctificet,
1197 1301 1243 1347 in
1283 1299 1464 1362 spiritu,
1502 1290 1655 1343 anima
1690 1299 1740 1342 et

166 1396 391 1444 corpore,
416 1382 574 1445 sicque
592 1378 692 1429 haec
715 1383 796 1428 tria
818 1378 1098 1436 sanctificet,
1125 1384 1173 1426 ut
1200 1383 1245 1425 et
1262 1377 1310 1424 in
1329 1375 1565 1423 sanctitate
1583 1375 1739 1422 servet

163 1475 310 1524 usque
331 1458 389 1506 ad
415 1458 666 1507 adventum
687 1454 876 1505 Domini
895 1457 1039 1505 nostri
1068 1451 1178 1503 Jesu
1202 1448 1390 1501 Christi.

237 1535 362 1583 Deus
376 1536 539 1599 pacis,
566 1534 613 1583 id
639 1543 732 1591 est
764 1536 840 1598 qui
874 1535 993 1596 pacis
1020 1538 1088 1580 est
1120 1537 1306 1578 auctor:
1331 1526 1425 1574 hoc
1448 1525 1588 1573 utitur
1621 1522 1736 1589 epi-

165 1611 292 1661 theto
309 1647 322 1672 ,
348 1612 451 1676 quia
476 1628 567 1677 pax
592 1610 999 1659 sanctificationem
1024 1609 1225 1656 maxime
1251 1601 1456 1667 confelqt
1476 1607 1522 1651 et
1541 1599 1623 1649 ubi
1643 1614 1736 1664 pax

163 1708 262 1742 non
289 1699 387 1752 est,
418 1691 484 1739 ibi
511 1707 598 1739 nec
614 1691 826 1739 sanctitas
848 1696 936 1736 est.

235 1770 360 1819 Dens
383 1785 520 1833 ergo,
545 1770 666 1832 pacis
694 1775 737 1815 et
760 1767 1006 1814 sanctitatis
1032 1771 1228 1825 auctor,
1254 1758 1524 1822 ωηο-κρήσει
1548 1773 1631 1807 vos
1653 1724 1736 1806 to-

165 1861 267 1912 tos;
295 1869 407 1915 sen,
446 1860 494 1900 ut
515 1854 575 1900 art
600 1847 784 1915 Syrus,
829 1865 914 1896 vos
949 1862 1111 1895 omnes
1148 1862 1222 1908 per
1209 1798 1349 1893 :fecte
1384 1838 1658 1896 sanctificet,
1689 1844 1738 1886 et.

166 1940 315 1982 totum
353 1932 559 1997 spiritum
599 1932 835 1985 vestrum,
882 1933 927 1974 et
966 1927 1166 1973 animam
1210 1909 1437 1976 vestram,
1480 1923 1526 1966 et
1571 1930 1735 1980 corpus

96 2052 100 2055 .
166 2019 371 2061 vestrum
406 2008 626 2059 custodiat
647 2025 747 2056 sine
763 2004 925 2070 culpa
914 2021 960 2054 1n
981 2004 1070 2052 ads
1060 2010 1230 2052 entum
1247 1998 1438 2050 Domini
1461 1989 1736 2045 nosthesu
1782 2053 1786 2055 Δ

166 2086 353 2139 Christi
378 2085 446 2137 Ita
472 2084 634 2152 Syrus,

235 2162 522 2229 Sanctificet
540 2183 622 2213 vos
649 2180 731 2227 per
750 2162 928 2209 omnia.
944 2155 1028 2208 Gr.
1054 2157 1284 2215 totaliter,
1310 2170 1471 2205 sensus
1495 2167 1606 2215 ergo
1627 2155 1731 2199 est.

165 2249 228 2296 ita
251 2253 299 2295 ut
320 2246 416 2293 sitis
437 2247 520 2294 toti
542 2252 586 2293 et
608 2241 807 2309 perfecti
835 2241 1009 2299 sancti,
1034 2240 1219 2305 spiritu
1241 2230 1390 2283 anima
1413 2240 1458 2280 et
1475 2245 1686 2294 corpore

242 2323 702 2386 Utintegerspr'rfficus
718 2329 762 2367 et
784 2319 971 2376 anima,
986 2325 1030 2365 et
1044 2333 1256 2378 corpus..
1246 2308 1358 2361 ..Gr
1371 2317 1417 2359 et
1441 2310 1639 2372 integer,
1645 2311 1735 2355 etc.
1747 2329 1762 2331 ’-

232 2398 299 2451 Ut
323 2399 426 2448 haec
445 2400 530 2448 tria
559 2401 736 2461 integre
762 2403 806 2445 et
833 2397 960 2444 omni
996 2410 1055 2441 ex
1082 2399 1207 2457 parte
1232 2385 1515 2438 immaculata
1533 2394 1580 2433 et
1612 2384 1736 2432 irre-

166 2476 491 2541 prehensibilia
518 2474 824 2526 custodiantur
846 2489 989 2538 usque
1015 2470 1072 2519 ad
1097 2469 1348 2518 adventurn
1377 2461 1571 2514 Domini
1591 2461 1737 2510 nostri
1776 2500 1778 2502 .

169 2550 282 2603 Jesu
314 2550 506 2603 Christi.

236 2646 439 2709 Spiritus
461 2652 533 2694 est
553 2637 785 2693 rationalis
808 2658 909 2707 pars
937 2643 1140 2700 animae,
1163 2654 1243 2687 seu
1266 2649 1425 2685 mens·
1769 2694 1775 2700 ἒ

236 2725 415 2773 Ammo
439 2732 506 2773 est
528 2722 734 2785 ejusdem
764 2724 931 2771 animae
965 2737 1066 2784 pars
1095 2717 1343 2777 sensitiva,
1375 2727 1456 2762 seu
1477 2688 1580 2777 pars
1608 2705 1738 2758 infe-

169 2804 261 2858 rior
277 2838 291 2864 ‚
319 2818 425 2868 quae
449 2802 584 2852 nobis
608 2817 711 2850 cum
733 2801 891 2850 bestiis
921 2798 1179 2848 communis
1204 2801 1290 2845 est.
1778 2802 1791 2813 ⁹

246 2881 423 2947 Corpus
441 2888 510 2931 est
535 2880 765 2945 utriusque
789 2877 1079 2927 domicilium.
