1806 3164
513 98 738 137 'rummx
774 99 1065 138 Exposmo.
1105 82 1223 154 Cap.
1274 88 1338 139 V.
1499 127 1510 135 .
1537 84 1543 88 ’
1629 89 1726 160 ¹37

204 214 206 216 >
234 171 300 227 Et
318 191 405 243 vos
416 175 570 237 (κήπὶ,
595 175 672 242 qui
687 169 857 224 Christi
885 173 1106 239 imagines
1138 167 1263 238 estis,
1293 173 1527 229 Christum
1551 177 1728 232 Domi-

165 270 304 315 num,
323 249 565 318 exemplar
586 259 788 302 vestrum
805 287 819 312 ,
844 250 1310 320 imitemini.-Diligite
1332 273 1499 307 uxores
1521 266 1692 310 vestras
1708 285 1726 317 ,-

168 333 283 384 sicut
301 327 508 382 Christus
536 325 764 380 Dominus
786 325 1041 379 Ecclesiam
1075 348 1286 396 sponsam
1313 349 1441 382 suam·
1459 333 1650 399 dilexit,
1677 343 1726 386 et

174 411 234 460 ita
257 407 442 470 dilexit,
464 415 514 457 ut
536 409 831 472 semetipsum
855 423 937 472 pro
957 405 1010 457 ea
1025 411 1160 458 morti
1179 409 1413 460 tradiderit
1439 430 1451 469 ;

229 521 462 575 Nimirum
502 519 706 570 ut-illam
745 522 803 570 ab
847 522 973 569 omni
1011 520 1112 570 labe
1156 524 1330 586 peccati
1386 523 1724 583 sanctificaret,
1765 577 1769 581 ,

163 599 390 666 mundans
424 615 526 648 eam
544 615 627 663 per
646 593 871 662 Baptismi
905 597 1160 660 lavacrum,
1182 600 1230 648 in
1254 599 1397 648 verbo
1416 596 1634 665 Spiritum
1675 608 1722 650 et

163 682 305 749 vitam
325 676 588 740 conserente
614 698 629 738 ς

207 791 290 845 *Ut
312 795 408 861 ipse
430 795 518 844 sibi
537 810 639 843 earn
667 790 907 843 exhiberet
931 794 1054 857 quasi
1081 809 1295 858 sponsam
1316 792 1458 843 multo
1481 784 1648 846 decore
1673 802 1721 844 et

158 870 298 938 gloria
332 871 698 933 illustrem,sine
733 867 905 919 macula
940 872 1132 935 peccati,
1175 871 1273 918 sine
1312 867 1420 934 ruga
1457 872 1715 931 vetustatis,

156 953 257 1000 sine
282 951 444 1016 quovis
466 947 675 1009 defectu,
716 948 800 998 sed
836 956 1038 997 sanctam
1071 956 1114 998 et
1143 948 1592 1014 irreprehensibilem
1618 952 1719 1000 :sic

160 1034 204 1078 et
226 1028 371 1077 mariti
396 1026 567 1076 debent
588 1043 688 1075 suas
714 1043 878 1075 uxores
898 1028 957 1074 ita
975 1025 1188 1090 diligere,
1215 1033 1261 1075 ut
1283 1025 1455 1075 illarum
1476 1042 1641 1076 naevos
1672 1035 1720 1077 et

156 1102 351 1154 maculas
377 1111 423 1153 et
451 1103 739 1153 infirmitates
761 1103 949 1153 tolerent
971 1139 983 1163 ,
1006 1111 1052 1152 et
1070 1095 1305 1168 'quantum
1331 1111 1399 1152 est
1442 1106 1490 1152 in
1512 1104 1596 1153 illis
1634 1122 1719 1156 sa-

154 1189 296 1246 nent,
317 1181 550 1248 perficiant
574 1190 620 1232 et
638 1182 946 1245 sanctificent,
976 1188 1074 1230 tum
1095 1183 1300 1243 monitis,
1326 1189 1420 1230 tum
1441 1180 1683 1247 exemplis.

224 1297 337 1349 Hoc
357 1316 437 1350 eos
462 1300 597 1350 docet
616 1300 878 1365 exemplum
903 1296 1072 1349 Christi
1099 1298 1362 1363 allegatum3
1393 1298 1474 1348 sed
1495 1305 1717 1364 praeterea

155 1382 281 1445 ipsos
302 1379 362 1429 ad
378 1379 715 1445 hocitnpellere
737 1379 875 1428 debet
896 1380 1032 1427 etiam
1058 1380 1263 1443 proprius
1297 1395 1452 1437 amor;
1494 1386 1563 1427 est
1591 1381 1715 1430 enim

153 1473 272 1506 uxor
289 1474 429 1511 unum
453 1456 562 1522 quid
582 1474 684 1506 cum
722 1458 905 1513 marito;
931 1463 1121 1519 uterque
1149 1462 1216 1504 est
1249 1471 1336 1504 una
1362 1471 1492 1504 caro:
1534 1454 1713 1506 debent

151 1549 262 1598 ergo
280 1535 428 1583 mariti
451 1550 616 1583 uxores
639 1550 742 1583 suas
763 1532 950 1596 diligere
971 1541 1018 1582 ut
1035 1549 1221 1598 corpora
1238 1549 1315 1581 sua
1333 1553 1344 1589 ;

221 1608 315 1674 Qui
342 1614 464 1661 enim
495 1629 687 1662 uxorem
730 1628 859 1661 suam
880 1611 1047 1677 diligit,
1070 1614 1271 1676 seIpsum
1297 1611 1464 1676 diligit,
1505 1613 1608 1677 quia
1644 1619 1714 1661 est

148 1707 291 1741 unum
316 1689 423 1756 quid
447 1707 549 1740 cum
571 1689 655 1741 illei.

213 1801 371 1855 Nemo
391 1822 442 1855 se
467 1807 616 1869 ipsum
645 1804 755 1854 odio
780 1803 938 1866 habet,
968 1813 1013 1854 et
1035 1812 1373 1870 consequenter
1393 1820 1534 1852 nemo
1546 1820 1709 1867 corpus

147 1894 306 1942 suum,
328 1880 398 1931 sui
418 1885 556 1948 ipsius
574 1890 774 1948 partem,
799 1882 906 1930 odio
925 1881 1091 1938 habet3
1115 1880 1199 1929 sed
1228 1885 1253 1929 ὲ
1293 1889 1446 1930 contra
1466 1916 1480 1941 ,
1520 1880 1711 1944 quilibet

145 1971 311 2023 corpus
337 1974 471 2008 suum
493 1962 633 2008 nutrit
668 1967 715 2008 et
737 1957 910 2021 fovet-'z
938 1958 1076 2008 debet
1113 1975 1221 2023 ergo
1256 1961 1440 2008 maritus
1476 1975 1704 2022 uxorem,

144 2051 309 2101 corpus
330 2051 487 2098 suum,
511 2035 698 2101 diligere
717 2074 731 2098 ‚
752 2038 921 2086 nutrire
938 2073 949 2095 ,
976 2035 1162 2097 fovere,
1182 2039 1296 2086 sicut
1320 2032 1525 2086 Christus
1541 2033 1708 2087 Eccle-

144 2115 285 2177 siam,
311 2131 472 2183 corpus
493 2135 649 2175 suum,
675 2119 844 2178 nutrit,
874 2116 1029 2180 fovet,
1048 2118 1184 2167 vestit
1206 2124 1250 2166 et
1275 2125 1421 2166 ornat·

212 2229 338 2285 Vere
357 2232 562 2286 Ecclesia
583 2252 744 2301 corpus
770 2236 868 2297 ejus
888 2236 1134 2300 mysticum>
1151 2242 1217 2283 est
1238 2270 1252 2294 ,
1289 2234 1390 2298 quia
1415 2248 1501 2280 nos
1537 2231 1703 2296 singuli

140 2309 301 2361 fideles
323 2329 476 2362 sumus
503 2313 708 2363 membra
731 2312 863 2374 hujus
882 2315 1226 2376 sacricorporis,
1252 2313 1465 2360 nimirum
1490 2309 1547 2359 de
1566 2327 1705 2361 carne

64 2406 67 2409 *
141 2389 190 2432 et
213 2383 271 2433 de
299 2385 475 2435 ossibus
497 2390 592 2450 ejus
629 2390 676 2436 in
711 2404 841 2437 cruce
878 2387 1145 2438 dormientis
1181 2386 1461 2452 spiritualiter
1481 2384 1699 2447 formati,

89 2485 91 2487 ·
137 2464 257 2512 sicut
283 2457 386 2511 Eva
404 2462 692 2528 corporaliter
709 2462 898 2514 formata
926 2471 994 2513 est
1018 2480 1077 2514 ex
1097 2460 1280 2512 Adamo
1310 2461 1583 2511 dormiente.

208 2573 469 2628 Auctoritas
488 2576 686 2644 denique
708 2576 951 2644 Scripturae
976 2579 1099 2629 hunc
1130 2596 1333 2634 amorem
1356 2581 1439 2628 viri
1457 2580 1505 2627 in
1542 2575 1708 2637 conju·

139 2668 283 2742 gem,
325 2657 452 2720 quasi
480 2657 527 2705 in
557 2656 806 2720 seipsum,
834 2656 1101 2717 confirmat,
1135 2658 1238 2705 cnm
1258 2656 1317 2705 de
1358 2652 1462 2704 Eva
1486 2691 1498 2715 ,
1545 2661 1619 2711 et,
1653 2654 1703 2703 in

137 2730 277 2794 ipsius
300 2728 522 2795 persona,
545 2731 604 2790 de
640 2734 856 2784 omnibus
894 2734 1158 2784 mulieribus
1190 2733 1333 2784 dicit·
1366 2731 1564 2800 Propter
1606 2729 1700 2781 hoc

136 2805 286 2856 homo
302 2807 524 2875 relinquet
558 2819 732 2876 patrem
753 2829 883 2862 suum
904 2820 947 2862 et
972 2822 1159 2864 matrem
1190 2831 1348 2877 suam,
1375 2822 1422 2864 et
1445 2811 1698 2878 agglutina·

136 2885 258 2936 bitur
273 2888 408 2938 uxori
435 2904 562 2953 suae,
589 2898 634 2940 et
656 2899 785 2941 erunt
807 2908 894 2940 una
912 2909 1030 2942 caro.
1378 2956 1412 3008 6

339 2968 412 3007 IV·
1415 2996 1426 3008 .
