1800 3158
166 123 268 174 252
577 137 838 177 EPISTOLAE
860 141 934 178 An
967 134 1329 183 rumperemus

235 206 490 261 Naturalius
512 211 695 262 videtur
725 214 762 262 si
782 222 971 280 propter·
999 224 1200 267 vertatur
1225 219 1275 269 in
1297 234 1427 281 proe,
1447 224 1502 268 ut
1529 219 1578 268 in
1598 233 1739 284 para-

167 284 349 350 phrasi,
378 288 502 336 etita
524 285 705 353 Syrus:
731 292 973 342 enimvero
995 295 1208 343 existimo
1231 297 1386 348 omnia
1408 295 1612 361 inopiam
1633 310 1738 346 esse

167 382 258 430 prae
276 365 494 431 dignitate
518 369 724 419 scientiae
752 366 870 420 Jesu
891 367 1061 421 Christi
1086 370 1281 422 Domini
1300 376 1416 425 mei.

238 440 436 507 Propter
472 461 605 507 quem
641 447 804 494 omnia
848 446 1174 496 detrimentum
1185 448 1324 509 fici,
1369 448 1419 498 id
1447 454 1549 512 est,
1586 449 1740 499 01111ιί3

164 520 365 583 projeci,
387 524 645 587 contempsi
667 531 714 575 et
735 540 818 588 pro
853 533 1052 576 stercore
1074 524 1231 577 habui.

234 597 456 647 Arbitror·
479 607 531 647 ut
552 607 772 652 stercora.
803 597 886 652 Gr.
906 604 1099 654 arbitror
1119 620 1221 654 esse
1252 610 1478 666 stercora,
1503 596 1740 650 camenam

175 664 317 724 sivae.

262 748 479 802 Albitror
545 771 649 804 esse
685 755 974 821 quisquilias,
1015 774 1096 807 seu
1136 757 1346 823 stipulam
1391 756 1640 820 frumenti,
1679 759 1744 809 ait

165 823 228 878 D.
255 826 640 899 Chrysostomus,
687 834 763 898 qui
788 841 912 898 putat
935 834 983 884 id
1013 835 1198 900 intelligi
1231 851 1369 901 posse
1402 833 1463 883 de
1496 833 1630 897 lege,
1656 850 1741 900 per

166 902 554 973 comparationem
575 910 635 959 ad
651 907 900 964 Christum.

237 980 505 1050 Quisquiliae
534 995 644 1037 sunt
669 989 995 1051 rejectamenta
1024 987 1241 1040 frumenti
1277 1006 1358 1039 seu
1381 988 1547 1057 paleae;
1573 994 1621 1037 et
1645 985 1741 1037 hoc

164 1061 288 1112 bene
317 1066 535 1114 convenit
560 1063 814 1129 legalibus:
849 1083 973 1116 nunc
1007 1069 1160 1130 enim,
1196 1085 1257 1118 ex
1291 1084 1381 1134 quo
1413 1067 1491 1116 lex
1515 1080 1737 1125 excussa,

165 1135 401 1200 Christum
437 1143 566 1206 quasi
609 1141 889 1193 frumentum
923 1144 1061 1193 nobis
1099 1144 1336 1206 exhibuit,
1383 1142 1539 1210 legalia
1583 1143 1741 1192 omnia

168 1221 293 1284 quasi
320 1220 568 1285 quisquiliae
597 1228 718 1271 sunt.
1595 1259 1599 1262 »

233 1295 557 1350 Theodoretus
590 1299 719 1349 videm
750 1301 889 1350 sentit
913 1318 926 1349 ι
946 1296 1220 1367 Scybalum,
1263 1298 1439 1361 inquit,
1464 1297 1657 1345 crassior
1691 1303 1740 1346 et

167 1373 403 1424 duriorest
419 1376 570 1440 palea
592 1378 699 1426 haec
718 1377 905 1444 quidem
919 1377 1006 1427 fert
1022 1376 1333 1435 frumentum;
1356 1375 1474 1443 sed,
1497 1383 1741 1443 postquam

166 1454 405 1506 collectum
433 1465 503 1507 est
524 1456 829 1522 frumentum,
851 1456 1092 1521 abjicitur:
1121 1460 1182 1507 ita
1207 1455 1284 1506 lex
1312 1414 1546 1507 Christum
1566 1463 1738 1530 osten-

163 1535 272 1598 dit;
303 1545 543 1603 postquam
575 1546 728 1589 autem
762 1541 800 1588 is
836 1541 1069 1606 apparuit,
1095 1554 1149 1588 ea
1172 1537 1392 1604 deinceps
1419 1543 1489 1588 est
1510 1553 1739 1603 superva-

164 1630 321 1664 canea.

232 1689 430 1743 Photius
444 1692 566 1743 hunc
588 1694 804 1744 eumdem
827 1696 1074 1759 cogitatum
1094 1693 1233 1743 susiirs
1249 1692 1444 1760 explicat
1462 1713 1475 1744 ι
1496 1691 1739 1758 Quemad-

162 1772 355 1823 modum
373 1776 627 1824 necessaria
646 1782 718 1824 est
736 1772 899 1838 stipula
914 1773 1062 1823 donec
1072 1775 1267 1823 creverit
1288 1775 1507 1836 triticum,
1528 1782 1575 1824 et
1585 1770 1737 1838 'sepa-

164 1860 310 1902 ratum
346 1853 458 1903 inde
499 1852 666 1913 suerit:
708 1855 771 1902 ita
811 1847 1023 1913 Christo,
1076 1854 1153 1918 qui
1206 1849 1289 1901 fuit
1345 1851 1507 1903 verum
1543 1868 1737 1918 granum

163 1928 416 2000 frumenti,
440 1932 649 1982 nondum
668 1939 776 1981 nato
802 1938 847 1981 et
871 1931 920 1980 in
942 1930 1052 1996 legis
1085 1928 1246 1996 stipula
1268 1929 1463 1994 latente,
1498 1931 1619 1982 utilis
1640 1937 1736 1982 erat

130 2063 132 2065 ,
164 2008 274 2060 lex:
301 2012 380 2060 ubi
404 2018 557 2061 autem
584 2027 667 2076 per
691 2012 954 2075 passionem
992 2017 1039 2059 et
1077 2012 1459 2062 resurrectionem
1490 2009 1735 2061 collectum

165 2096 234 2138 est
258 2089 396 2139 nobis
414 2088 506 2140 hoc
529 2107 720 2155 granum
735 2128 750 2154 ,
773 2097 820 2141 et
849 2106 932 2156 per
961 2092 1279 2141 ascensionem
1302 2092 1350 2140 in
1385 2089 1548 2140 horrea
1570 2089 1734 2139 aeterni

162 2162 312 2217 Patris
339 2167 628 2219 reconditum
644 2207 658 2232 ,
685 2167 743 2218 ad
759 2165 872 2219 nihil
897 2167 1089 2232 amplius
1116 2166 1234 2218 utilis
1253 2165 1336 2216 fuit
1359 2165 1472 2232 legis
1495 2164 1667 2220 culmus
1684 2171 1733 2215 et

162 2241 341 2309 stipula.

234 2321 299 2374 D.
321 2330 474 2373 tamen
502 2320 633 2390 Chry
654 2319 1141 2374 sostomusverisimile
1153 2326 1276 2386 putat
1286 2316 1539 2371 Paulumid
1556 2334 1654 2370 non
1672 2315 1734 2370 de

67 2422 74 2429 ·
164 2400 408 2467 legalibus,
432 2402 516 2453 sed
551 2402 611 2453 de
652 2402 896 2453 mundanis
920 2402 1055 2452 rebus
1088 2399 1271 2463 dicere,
1297 2408 1346 2451 ut
1381 2402 1431 2451 in
1473 2397 1734 2498 paraphrasi

165 2480 379 2546 explicui.

236 2556 412 2611 Omnia
420 2577 537 2626 ergo
556 2576 743 2627 prorsus
759 2560 884 2610 bona
900 2557 1131 2608 mundana
1151 2564 1196 2609 et
1217 2557 1399 2609 delicias
1413 2553 1582 2606 Paulus
1597 2558 1733 2605 vo'eat

165 2645 390 2700 stercora,
417 2640 520 2704 quia
543 2638 812 2705 plerumque
830 2643 1131 2702 conspurcant
1145 2635 1427 2693 habentem·;
1448 2628 1732 2699 quisquilias,

167 2717 292 2781 quasi
314 2717 489 2778 inania,
519 2733 689 2781 vacua,
715 2714 966 2782 superflua,
992 2731 1091 2765 non
1113 2730 1221 2766 vera
1235 2714 1376 2764 bona.
