1800 3158
279 52 539 122 amsmm
573 79 645 117 An
662 79 871 141 cotoss.
894 82 1118 119 τωρωι(
1153 81 1434 120 Exl’osrrm.
1568 67 1679 124 355

137 222 1687 259 m&

377 303 751 409 ANAanls
787 349 1102 419 CAPITIS
1139 350 1432 410 TERTII.

125 493 206 586 ΙΝ
227 538 376 602 capite
401 539 710 602 praecedenti,
733 544 783 586 ἡ.
814 554 867 582 12
883 547 927 583 et
950 538 1004 581 13
1020 536 1402 592 ‚Colossensibus
1422 538 1540 584 dixit
1560 541 1690 602 quod

126 618 212 664 per
226 600 514 663 Baptismum
539 599 707 645 mortui
727 609 860 652 sunt,
887 598 1023 644 simul
1047 608 1091 644 et
1119 599 1143 642 a
1167 599 1359 643 mortuis
1372 615 1475 644 cum
1499 601 1688 649 Christo

126 662 332 712 suscitati
355 681 365 705 ι
388 661 499 706 hinc
513 660 571 705 ad
587 677 745 705 eorum
770 676 919 705 mores
938 660 1081 704 multa
1096 658 1335 704 concludit
1348 661 1396 705 in
1411 659 1499 707 hoc
1517 667 1688 725 capite.

190 724 262 768 Ac
281 723 433 783 primo
452 721 664 767 humatur
686 737 765 766 eos
781 754 793 773 ‚
813 727 919 782 quia
939 720 999 765 ad
1016 720 1224 767 divinam
1247 721 1389 765 vitam
1412 733 1525 768 sunt
1545 724 1690 769 susci·
1724 766 1732 769 s

127 783 229 837 tati,
262 792 313 828 ut
334 782 537 829 coelestia
569 792 706 843 atque
745 782 904 827 divina
946 781 1142 842 diligant
1181 792 1227 826 et
1265 791 1456 842 curent3
1493 792 1539 829 et
1579 785 1688 845 quia

126 843 305 889 mundo
329 844 500 895 mortui
519 876 531 895 ,
553 853 730 888 terrena
754 843 1043 904 despiciant,
1067 850 1118 891 ᾗ.
1146 859 1163 886 1
1186 875 1199 894 ,
1222 859 1248 887 2
1265 877 1278 895 ,
1307 844 1335 887 3
1354 876 1367 896 ,
1388 843 1432 901 4.

193 905 443 958 Secundo,
469 904 574 965 quia
605 904 747 949 veteri
782 903 963 948 homini
1002 920 1083 965 per
1101 905 1387 965 Baptismum
1421 915 1532 952 sunt
1566 923 1706 963 morffi

128 965 227 1026 tui,
246 966 526 1011 mortificent
545 963 666 1010 illius
688 964 892 1010 hominis
915 964 1118 1010 membra
1137 998 1149 1018 ,
1174 964 1224 1010 id
1246 975 1338 1018 est,
1358 968 1515 1012 omnia
1543 968 1686 1028 vitia;

129 1035 229 1072 tum
252 1043 355 1088 quae
378 1042 572 1088 corpore
589 1058 602 1078 ‚
626 1036 722 1070 tum
746 1042 848 1086 quae
867 1026 1032 1078 corde,
1060 1035 1158 1070 tum
1173 1042 1273 1087 quae
1295 1025 1453 1088 lingua
1471 1030 1687 1076 commit-

125 1096 313 1146 tamus-3
334 1103 429 1133 uno
453 1086 620 1141 verbo,
661 1086 902 1132 homi-nem
939 1096 1143 1134 veterem
1165 1098 1371 1149 exuant,
1394 1097 1445 1139 ir.
1468 1091 1527 1143 5,
1548 1091 1604 1145 6,
1630 1107 1686 1152 7,

121 1147 151 1192 8
168 1180 182 1201 ,
204 1162 250 1205 9.

184 1211 406 1255 Hortatur
427 1210 451 1255 ὲ
470 1217 629 1254 contra
644 1245 658 1269 ,
691 1209 796 1269 quia
819 1208 1023 1254 suscitati
1046 1218 1091 1253 et
1115 1225 1248 1254 novae
1272 1210 1320 1254 in
1343 1210 1529 1258 Christo
1557 1231 1687 1262 crea·

124 1278 272 1324 turae,
291 1285 467 1315 novum
504 1270 701 1314 induant
736 1270 974 1315 hominem
994 1302 1006 1322 ,
1032 1286 1288 1331 omnesque
1325 1272 1449 1318 illius
1475 1274 1687 1324 virtutes.

185 1329 309 1390 Erga
331 1330 476 1374 Deum
498 1366 510 1386 ‚
533 1330 699 1392 majori
715 1332 764 1375 in
782 1330 880 1376 dies
898 1331 1166 1391 cognitione
1183 1365 1195 1386 ,
1218 1348 1374 1379 amore
1395 1367 1408 1388 ,
1433 1343 1479 1380 et
1500 1337 1686 1398 perfec-

123 1390 233 1436 tiori
259 1390 544 1444 imitatione,
569 1397 619 1437 V.
648 1407 700 1438 ιο
717 1425 729 1445 ,
754 1409 825 1437 11.
1016 1411 1027 1414 ·

187 1451 304 1512 Erga
324 1451 586 1512 proximum
606 1486 617 1505 ,
639 1452 838 1499 induant
861 1451 1035 1497 viscera
1057 1452 1385 1501 misericordiae
1403 1489 1416 1510 ‚
1442 1455 1687 1506 infirmita·

122 1521 194 1558 tes
216 1512 508 1566 sustineant,
529 1513 799 1560 condonent
820 1513 1022 1560 ostensas
1038 1530 1050 1570 3
1068 1530 1207 1575 super
1224 1516 1384 1563 onmia
1412 1516 1687 1566 charitatem

123 1571 387 1618 habeantet
409 1573 509 1634 paci
529 1574 775 1628 studeant,
797 1583 847 1624 91.
876 1591 929 1619 12
950 1608 962 1627 ,
990 1575 1042 1617 13
1059 1608 1072 1628 ‚
1092 1577 1174 1632 14,
1201 1577 1273 1622 15.

186 1633 306 1694 Erga
332 1635 605 1695 semetipsos
623 1669 634 1688 ,
659 1637 936 1698 evangelicae
972 1634 1148 1682 Christi
1180 1636 1405 1684 doetrinae
1432 1639 1688 1689 intendant

121 1693 307 1739 assidue
325 1711 338 1751 3
356 1694 557 1755 hymnos
579 1705 626 1740 et
662 1700 839 1743 cantica
861 1695 1118 1759 spiritualia
1142 1698 1217 1759 pie
1241 1709 1464 1746 canantet
1481 1705 1687 1751 suaviter

123 1754 279 1799 omnia
301 1770 383 1799 sua
401 1789 415 1809 ‚
434 1772 516 1801 seu
536 1756 658 1802 facta
676 1791 689 1811 ,
711 1773 793 1804 scu
817 1758 954 1806 verba
971 1791 982 1810 ,
1003 1758 1062 1801 ad
1087 1759 1169 1803 Dei
1197 1758 1389 1818 gioriam
1411 1781 1425 1814 4
1447 1761 1656 1811 referant
1672 1799 1688 1822 ,

121 1821 174 1863 ᾗ.
204 1813 284 1868 16,
310 1829 380 1874 17.

183 1875 395 1936 Denique
412 1909 424 1927 ,
448 1877 506 1922 ad
523 1877 731 1939 singulos
754 1890 897 1925 status
920 1878 1211 1924 descendens
1230 1913 1243 1934 ,
1264 1881 1478 1936 maritos,
1495 1898 1685 1948 uxores,

123 1945 339 2005 parentes
358 1969 371 1989 ,
390 1937 508 1983 filios
525 1970 537 1992 ,
560 1938 776 1985 dominos
795 1974 808 1994 ,
832 1954 990 1988 servos
1010 1971 1023 1993 ,
1046 1955 1126 1986 sua
1154 1940 1289 1988 docet
1317 1942 1463 1990 officia
1501 1944 1684 2008 reliquo

118 2005 285 2058 capue.
757 2006 761 2011 '
