1800 3158
359 62 361 66 ,
878 44 889 66 t
1412 50 1419 53 —
1462 38 1469 41 ”
1492 47 1496 49 >
1687 32 1733 66 J.
1795 34 1800 59 ἶ

204 86 304 140 256
618 102 875 143 tms‘romrr
908 107 998 144 An·
1016 75 1382 150 rumpamus

201 194 308 228 cum
339 171 525 226 Christo
563 179 683 242 pati:
705 174 890 244 Christo
929 197 1012 246 per
1044 185 1299 265 passiones
1310 186 1362 236 in
1382 191 1541 264 cruoe
1531 204 1767 285 totumu-

202 255 306 305 niri.

272 330 399 384 Crux
419 329 616 396 Christi,
636 332 738 384 fons
762 342 806 386 et
837 337 964 402 origo
989 337 1180 402 gloriae·
1206 342 1398 392 societas
1419 315 1574 416 itaque
1592 349 1764 411 crach,

203 428 282 462 seu
311 411 577 477 passionum
601 373 803 473 Christi,
830 415 913 463 erit
938 430 1068 465 causa
1092 411 1318 468 societatis
1340 418 1511 483 gloriae.

271 486 399 539 Nota
425 491 543 538 inter
567 485 797 539 Christum
825 498 870 540 et
897 487 1204 543 Christianum
1244 500 1618 550 communionem
1655 517 1768 567 pas-

201 569 401 619 sionum.
423 561 594 615 Christi
614 568 762 630 passio
777 564 861 617 fuit
881 578 1033 620 nostra
1051 608 1066 633 ,
1091 572 1193 637 quia
1211 588 1293 636 pro
1317 575 1453 624 nobis
1474 584 1520 626 et
1535 579 1639 628 vice
1654 595 1768 630 nos-

201 642 268 694 tra
291 659 446 709 passus
462 650 573 692 est:
599 651 767 694 nostrae
791 647 1024 710 passiones
1065 644 1250 698 Christi
1264 658 1398 713 sunt,
1420 656 1522 719 quia
1545 657 1769 720 particulae

203 731 250 790 et
282 723 723 772 communicationes
757 731 860 773 sunt
912 726 1172 790 passionum
1205 721 1420 778 Christi:
1409 731 1767 798 ·applicationes

203 809 310 854 sunt
335 796 506 850 Christi
531 802 816 865 passionum.

271 875 400 927 Dum
428 878 630 941 patimur
650 895 732 941 pro
771 874 983 942 Christo,
1022 875 1230 931 Christus
1271 899 1350 932 sua
1389 886 1526 935 nobis
1572 885 1767 952 applicat

201 958 363 1006 merita
383 974 393 1003 z
414 953 522 1003 dum
545 957 709 1019 patior,
740 956 788 1003 in
813 958 1078 1006 societatem
1103 960 1364 1021 passionum
1385 960 1500 1012 iliius
1517 965 1674 1015 venio,

180 1060 185 1064 ¹
211 1085 214 1088 ,
270 1032 334 1085 Et
354 1034 456 1084 haec
483 1040 553 1084 est
585 1033 718 1093 hujus
755 1036 862 1082 vitae
890 1032 1075 1084 felicitas
1096 1037 1267 1090 :Beati
1299 1039 1382 1101 qui
1408 1040 1768 1103 persecutionem

200 1121 497 1183 potiuntur...
1692 1155 1705 1164 ,

268 1191 480 1243 Felicitas
499 1198 670 1240 aeterna
698 1192 784 1239 erit
806 1185 919 1240 Chri
912 1199 994 1240 sto
1020 1192 1218 1256 glorioso
1244 1193 1550 1256 conformari;
1582 1196 1768 1246 felicitas

202 1271 486 1338 temporalis,
511 1267 702 1320 Christo
736 1271 924 1335 patienti
958 1288 1062 1321 esse
1087 1270 1411 1322 conformem·
1403 1277 1531 1339 ,ipsi
1539 1264 1788 1340 passioni-v

200 1350 287 1399 bus
311 1348 599 1398 communiri.

271 1424 603 1489 Configuratus
627 1423 766 1470 morti
786 1421 904 1487 ejus.

270 1499 484 1552 Graecum
505 1502 787 1565 participium
810 1507 876 1548 est
903 1501 1138 1563 praesentis
1162 1504 1397 1568 temporis.

211 1627 215 1630 ,
271 1575 401 1627 Hinc
425 1573 700 1624 Ambrosius
725 1573 1042 1625 :conformans
1067 1593 1143 1626 me
1167 1580 1303 1628 morti
1333 1581 1448 1642 ejus.

269 1652 392 1705 Alii:
411 1652 522 1702 dum
548 1650 795 1701 conformis
819 1653 898 1701 fio.

272 1729 416 1795 Quasi
447 1730 649 1780 diceret:
671 1729 734 1776 Et
753 1730 1019 1777 soczetatem
1057 1732 1329 1794 passionum
1365 1733 1509 1793 illius,
1550 1734 1597 1782 in
1634 1749 1768 1799 quam

202 1812 370 1871 venio,
397 1811 506 1860 dum
528 1808 773 1859 conformis
793 1808 852 1856 fio
869 1809 1003 1857 morti
1027 1810 1120 1871 ejus
1139 1845 1153 1871 ‚
1182 1825 1264 1872 per
1290 1807 1466 1858 labores
1480 1845 1494 1870 ‚
1514 1812 1765 1873 passione8‚

202 1893 364 1945 mortis
391 1889 586 1955 pericula
603 1926 616 1951 ,
643 1903 746 1953 quae
769 1902 851 1952 pro
873 1888 974 1952 ipso
994 1888 1152 1949 patior.

270 1966 367 2019 Per
391 1967 662 2018 calamitates
687 1969 836 2030 itaque
860 1965 917 2013 ad
955 1961 1124 2014 Christi
1164 1964 1505 2015 similitudinem
1524 1966 1764 2031 fingimur;

201 2049 341 2111 ipsius
362 2048 513 2111 imago
542 2045 707 2094 fimus:
731 2042 889 2093 fimes
911 2042 1020 2092 illius
1058 2039 1308 2091 efficimur·
1297 2062 1308 2100 ;
1338 2039 1508 2093 Christi
1536 2043 1768 2138 quodam-

203 2123 346 2173 modo
370 2122 625 2172 evadimus.
654 2118 772 2170 Vide
794 2116 858 2168 D.
886 2114 1290 2184 Chrysostomum.

271 2196 350 2249 En
375 2207 539 2266 quanta
564 2207 632 2248 est
661 2211 959 2246 aerumnarum
984 2194 1201 2257 dignitas!

273 2269 331 2329 Ῠ.
357 2294 377 2325 1
391 2295 432 2326 1.
455 2276 510 2324 Si
523 2291 612 2341 quo
633 2274 767 2321 modo
789 2289 1031 2320 occurram
1052 2270 1118 2318 ad
1136 2274 1562 2330 resurrecHonem...
1598 2267 1647 2318 id
1667 2277 1734 2319 est
1751 2305 1766 2329 ‚

203 2363 253 2406 ut
270 2392 284 2417 ‚
312 2357 349 2404 si
372 2373 460 2420 quo
483 2354 618 2402 modo
640 2353 811 2417 possim
828 2385 842 2412 ‚
868 2366 1108 2397 occurram
1151 2356 1196 2398 et
1221 2349 1486 2414 perveniam
1508 2345 1567 2397 ad
1586 2347 1767 2396 beatam

205 2438 425 2499 iustorum
448 2436 844 2484 resurrectionem.

543 2593 702 2630 NOTAE
741 2589 1053 2626 LITTERALES
1089 2589 1155 2625 ET
1191 2587 1462 2624 MORALl-:sf

274 2725 400 2779 Nota
425 2727 588 2791 primo,
615 2725 659 2773 si
674 2741 760 2789 quo
782 2722 936 2785 mocIO,
965 2721 1087 2787 quod
1110 2723 1254 2772 innuit
1277 2717 1589 2769 difficultatem
1609 2725 1656 2769 et
1682 2721 1764 2770 in-

204 2802 546 2858 certitudinem.

221 2939 223 2942 ,
274 2882 444 2939 Paulus
479 2899 569 2934 vas
593 2880 849 2945 electionis,
868 2880 924 2930 de
941 2877 1019 2930 suzi
1038 2880 1178 2948 salute
1201 2885 1470 2931 certus-non
1483 2883 1614 2929 erat:
1632 2877 1764 2928 time-
1798 2936 1800 2942 ¹
