1806 3164
513 118 741 156 ‘mmm-:x
761 84 1049 152 Exposm'o.
1080 95 1198 166 Cap.
1218 93 1323 149 ῙῙῙ.
1636 114 1699 162 77

610 244 929 282 OBSERVATlo
967 243 1211 279 montius.

194 361 279 414 De
314 351 633 413 suissincutis
666 359 878 424 gloriatur
911 352 1160 422 Apostolus
1182 393 1195 416 ‚
1239 356 1335 418 Ego
1381 353 1584 427 Paulus,
1627 356 1708 404 ille

122 446 318 496 vinctus
350 438 543 488 'Chresti
574 435 703 485 Jesu.
727 433 944 486 Similiter
968 443 1012 483 et
1053 434 1124 483 alii
1151 450 1313 482 omnes
1338 429 1549 497 Apostoli
1569 434 1706 482 ibant

33 514 40 523 ’
122 521 381 586 gannientes
396 553 413 576 ,
434 517 542 578 quia
564 533 649 579 pro
671 515 857 562 nomine
883 512 996 560 Jesu
1022 512 1152 573 digni
1180 511 1336 558 habiti
1365 519 1475 558 sunt
1499 511 1622 575 poti·

199 592 379 660 Quidni
398 595 464 643 sic
484 595 532 643 in
553 593 718 641 nostris
740 590 984 654 gloriamur
1003 589 1334 638 infirmitatibus
1358 595 1402 636 et
1426 586 1706 638 humiliatio-

132 673 273 724 nibus
296 668 491 722 nostris?

197 745 339 797 Hane
358 743 547 809 gloriam
572 742 648 791 dat
674 742 790 792 fides
814 743 938 791 viva.

196 819 349 872 Crede
369 838 478 885 ergo
490 820 634 870 verbo
651 817 822 870 Christi
839 818 1029 868 dicentis
1048 836 1058 864 ε
1078 817 1221 864 Beati
1229 818 1437 880 quinunc
1440 816 1599 882 fletis,
1616 826 1706 867 etc.

127 903 274 955 Beati
290 915 535 963 pauperes,
555 908 642 947 ele.
672 899 813 946 Beati
839 898 919 962 qui
943 896 1304 960 persecutionem
1325 896 1588 954 potiuntur,
1613 905 1704 946 etc.

122 978 349 1044 gaudebis
368 985 413 1026 et
433 975 653 1025 exultabis
667 1011 679 1034 ‚
704 977 805 1040 quia
830 992 1001 1021 merces
1024 982 1106 1021 lua
1127 991 1301 1033 magna
1322 974 1409 1020 erit
1429 975 1477 1021 in
1503 974 1634 1021 caelo.

147 1102 150 1104 ,
199 1049 310 1113 Quo
339 1052 438 1116 quis
461 1068 544 1114 pro
570 1046 752 1099 Christo
789 1048 1053 1113 profundius
1077 1047 1359 1108 humiliatur,
1386 1051 1441 1096 eo
1466 1047 1709 1112 gloriosior

125 1136 200 1178 est
222 1144 375 1176 coram
406 1124 536 1188 Deo,
563 1134 608 1175 et
632 1128 716 1174 erit
744 1128 789 1173 in
819 1134 1059 1175 aeternum.

194 1202 311 1253 Hoc
333 1201 496 1262 crede,
532 1209 575 1251 et
607 1201 853 1266 gaudebis,
889 1211 935 1252 et
970 1202 1232 1267 gloriaberis
1260 1205 1434 1265 patiens
1472 1210 1516 1252 et
1540 1201 1706 1251 humi-

123 1280 278 1331 liatus.
767 1288 770 1291 “

195 1349 255 1409 fi.
294 1377 341 1406 2.
373 1357 428 1404 Si
461 1365 617 1404 lamen
653 1354 901 1405 audistis...
934 1353 1131 1405 Arabica
1161 1356 1312 1404 versio
1344 1373 1354 1402 :
1386 1357 1424 1404 si
1462 1354 1576 1406 forte
1613 1374 1706 1405 au·-

125 1432 276 1482 distis.

197 1508 306 1565 Vult
329 1528 407 1560 eos
428 1514 546 1561 scire
570 1510 692 1576 quod
716 1507 806 1560 Dei
831 1509 998 1573 judicio
1022 1513 1048 1558 a
1072 1506 1446 1559 Christomissus
1472 1520 1542 1561 est
1570 1528 1704 1577 prae-

125 1589 281 1639 dicare
307 1586 536 1640 Gentibus
559 1591 831 1653 mysterium
854 1591 1006 1652 gratiae
1031 1587 1122 1638 Dei
1148 1625 1162 1648 ‚
1188 1591 1248 1638 ait
1273 1586 1563 1641 Ambrosius.

158 1679 167 1689 '
194 1663 340 1728 Quod
376 1665 493 1715 sorte
523 1674 619 1715 toto
647 1665 871 1723 triennio,
899 1681 988 1729 quo
1020 1661 1196 1728 Ephesi
1232 1674 1430 1714 moratus
1464 1675 1562 1727 est,
1602 1685 1700 1718 non

123 1743 304 1794 dixerat
336 1747 505 1810 passim
539 1743 754 1792 omnibus
777 1741 967 1789 modum
1002 1748 1047 1789 et
1071 1742 1334 1790 miraculum
1362 1757 1455 1789 suae
1491 1759 1702 1792 conver-

123 1823 269 1875 sionis
289 1839 302 1877 ς
336 1823 439 1884 quia
466 1823 607 1870 sancti
631 1836 725 1868 non
747 1818 896 1869 solent
918 1819 1004 1866 nisi
1027 1821 1169 1867 coacti
1191 1817 1438 1881 praedicare
1462 1818 1582 1867 dona
1606 1818 1705 1870 Dei

123 1895 175 1943 in
205 1912 255 1945 se
272 1932 286 1956 ‚
313 1897 374 1944 ait
401 1890 712 1943 Fromondus.

197 1973 638 2034 Dispensationem,
669 1966 751 2019 Gr.
784 1963 865 2017 τῖἷν
895 1963 1168 2030 οἰκονομίαν.

195 2043 479 2097 OEeonomia
509 2054 661 2094 autem
695 2054 763 2095 est
787 2045 987 2109 prudens
1010 2048 1285 2110 dispensatio
1316 2049 1382 2096 rei
1409 2047 1703 2111 domesticae,

124 2139 209 2172 seu
235 2125 477 2185 assignatio
514 2124 706 2186 partium
739 2139 873 2187 quam
899 2125 942 2171 in
969 2123 1108 2172 domo
1133 2122 1300 2172 faciunt
1323 2125 1700 2188 patresfamilias,

123 2207 205 2248 aut
228 2198 404 2248 illorum
428 2201 530 2248 vice
548 2236 561 2260 ‚
592 2198 925 2264 dispensatores
953 2203 1016 2248 rei
1044 2200 1324 2251 domesticae.

185 2274 296 2348 ¹Hic
342 2283 454 2326 vero
499 2281 754 2327 oeconomIa
788 2278 1009 2342 significat
1055 2279 1174 2328 illam
1208 2279 1482 2342 apostolatus
1524 2291 1702 2347 partem

131 2351 197 2403 D.
216 2347 360 2402 Paulo
385 2356 561 2416 datam,
588 2353 893 2420 Evangelium
920 2353 1147 2407 Genthus
1172 2358 1469 2422 praedicandi.

200 2431 602 2493 Dispensationem
627 2436 798 2496 gratioe
811 2471 827 2492 ‚
860 2435 907 2484 id
931 2444 997 2484 est
1018 2473 1032 2497 ,
1058 2435 1349 2500 apostolatu&

198 2502 528 2571 ApostolatuS,
564 2508 824 2572 praelatura,
862 2527 1026 2560 munus
1063 2511 1367 2577 praedicandi,
1393 2515 1530 2575 gratia
1558 2531 1700 2578 pura,

125 2589 269 2647 gratis
293 2584 394 2632 data
411 2619 424 2644 ‚
450 2584 507 2634 ad
532 2584 719 2634 aliorum
742 2586 980 2636 utilitatem
1002 2591 1190 2652 gratuito
1213 2606 1443 2638 concessa.

206 2657 333 2711 Hinc
352 2677 446 2709 non
466 2661 736 2724 ambienda,
765 2679 859 2711 non
883 2662 1125 2715 hominum
1157 2664 1311 2714 favore
1326 2666 1597 2728 quaerenda.
1621 2663 1703 2718 Ad

128 2734 336 2785 laborem
359 2754 454 2787 non
474 2739 530 2786 ad
553 2741 751 2803 quietem
773 2747 818 2788 et
842 2739 898 2788 ad
924 2740 1106 2792 delicias
1133 2740 1448 2790 desideranda.

207 2810 277 2875 Ῡ.
300 2811 347 2862 3.
377 2813 612 2878 Quoniam
636 2818 890 2867 secundnm
909 2822 1225 2872 revelationem
1243 2855 1260 2880 ,
1291 2820 1338 2870 id
1359 2828 1457 2885 est,
1480 2823 1520 2870 si
1541 2819 1704 2871 audis-

131 2890 197 2938 tis
223 2893 496 2955 quoniam...
