1754 3184
543 51 1024 159 EPISTOLAE
1124 126 1125 131 a

73 249 164 379 Β.
236 188 600 336 PAULI
667 242 824 332 AI)
894 198 1517 337 EPHEslos

342 440 720 504 TRIPLEX
759 439 1254 521 EXPOSITIO,

138 598 388 648 ANALYffl,
422 597 787 651 ΡΑΒΑΡΗΒΑΞΙ,
819 596 1007 651 ATQUE
1039 591 1471 637 COMMENTAmo.

537 911 1100 994 PRAEFATIO.

42 1101 244 1192 HANG
268 1132 606 1213 Epistulam
647 1134 863 1194 Romae
883 1179 899 1210 ,
935 1136 999 1193 in
1023 1125 1288 1193 vinculis
1307 1177 1323 1208 ,
1356 1133 1607 1213 scripsit
1684 1208 1686 1210 v

1 1314 4 1318 .
41 1234 380 1316 Apostolus
401 1233 481 1295 ad
493 1235 792 1316 Ephesios
810 1260 827 1314 5
848 1236 927 1296 ab
947 1234 1256 1315 aliquibus
1280 1233 1427 1294 olim
1443 1233 1609 1294 dicta

45 1347 137 1394 est
165 1334 244 1396 ad
263 1335 673 1397 Laodicenses
694 1361 710 1414 3
735 1335 897 1396 forte
921 1338 1063 1416 quia
1099 1335 1417 1396 circularis
1439 1346 1572 1394 erat
1591 1378 1607 1410 ,

49 1447 112 1495 et
145 1433 223 1492 ad
250 1456 463 1493 omnes
497 1436 655 1496 Asiae
684 1435 872 1496 urbes
898 1437 1116 1496 missa:
1149 1433 1494 1515 specialiter
1515 1447 1614 1492 ta-

51 1557 196 1597 men
219 1546 440 1595 vocata
478 1533 558 1595 ad
596 1535 929 1617 Ephesios,
964 1538 1108 1616 quia
1134 1536 1414 1617 Ephesus
1450 1535 1616 1595 Asiae
1699 1542 1702 1544 ’

52 1636 439 1718 Metropolis.
472 1635 792 1718 Quidquid
820 1641 897 1699 sit
917 1685 932 1713 ,
1116 1700 1125 1705 s

0 1746 5 1750 “
131 1736 415 1818 Apostoli
432 1757 653 1818 scopus
670 1749 760 1797 est
775 1783 791 1814 ,
812 1738 1113 1819 Ephesios
1132 1782 1148 1814 ‚
1171 1760 1323 1819 quos
1340 1737 1420 1798 ad
1440 1735 1626 1797 fidem

0 1847 2 1854 “
59 1838 321 1912 Christi,
353 1858 464 1917 per
490 1838 832 1897 triennium
857 1837 956 1898 die
990 1861 1062 1899 ac
1085 1850 1267 1899 nocte
1294 1836 1585 1897 laborans
1605 1879 1622 1910 ,

3 2014 7 2018 Ι
57 1937 430 2018 jampridem
453 1950 846 1998 converterat
865 1983 880 2013 ‚
913 1940 981 1997 in
1000 1938 1121 1999 fide
1144 1937 1510 1999 confirmare
1531 1982 1546 2013 ‚
1569 1948 1630 1996 et

67 2036 429 2098 sublimiora
455 2038 764 2120 religionis
786 2041 1137 2101 christianae
1164 2042 1459 2124 mysteria
1483 2061 1632 2120 per-

67 2136 288 2199 fectius
326 2138 608 2199 edocere.

0 2224 13 2240 ι
43 2231 61 2240 ⁰
150 2240 226 2299 In
259 2241 473 2321 primis
511 2241 712 2302 tribus
763 2243 1069 2325 capitibus
1114 2245 1235 2325 agit
1286 2243 1362 2304 de
1409 2240 1638 2302 aeterna

0 2335 11 2427 ξ
71 2337 633 2420 praedestinatione,
651 2340 727 2401 de
747 2343 1071 2403 hominum
1085 2365 1197 2427 per
1226 2343 1458 2402 Christi
1482 2362 1642 2403 mor-

80 2451 209 2499 tem
240 2437 664 2520 redemptione
682 2488 698 2518 ,
744 2443 821 2504 de
848 2447 1173 2506 vocatione
1201 2445 1498 2504 Gentium
1524 2487 1540 2517 ,
1567 2441 1645 2503 de

84 2540 409 2620 utriusque
432 2542 646 2623 populi
672 2588 687 2619 ‚
714 2546 973 2605 Gentilis
1011 2558 1071 2605 et
1097 2546 1133 2604 J
1138 2545 1343 2606 udaici
1361 2588 1379 2620 ,
1409 2527 1535 2604 imo
1573 2542 1650 2603 de

80 2635 450 2717 'angelorum
474 2651 535 2697 et
550 2640 873 2706 hominum
899 2641 1274 2703 adunatione
1299 2642 1418 2703 sub
1435 2640 1655 2703 eodem

12 2780 21 2803 ,ι
94 2739 294 2819 capite
308 2740 557 2802 Christo
577 2785 594 2818 ,
615 2764 799 2824 super
821 2766 1032 2805 omnes
1050 2757 1365 2808 creaturas
1386 2745 1627 2805 elevato
1634 2766 1650 2820 5

94 2836 305 2919 ibique
324 2840 600 2904 creditur
614 2844 1003 2924 judaizantes
1024 2860 1348 2930 percutere
1372 2850 1478 2930 qui
1503 2847 1664 2912 salut
