1800 3158
491 52 710 90 ‘rmpmx
744 50 1026 88 Exposrrro.
1061 35 1192 100 Cap.
1212 34 1313 90 IL,
1577 32 1677 85 235

114 114 300 180 aeternae
319 127 619 188 damnationis
636 127 761 195 yiam
780 123 1168 174 demonstrantes!
1189 127 1282 174 imo
1310 132 1356 174 et
1373 122 1430 173 ad
1459 140 1559 173 eam
1583 125 1676 173 suis

116 207 349 260 scandalis·
361 204 672 272 pertrahentes
688 205 698 253 l

186 279 244 339 ff.
269 281 344 333 16.
373 277 435 328 V
421 282 578 345 erbum
598 283 712 331 vitoe
731 280 1002 342 retinentes,
1021 280 1069 329 id
1103 289 1200 341 est,
1234 287 1574 330 conservantes.

185 357 348 409 Potest
383 361 520 409 etiarn
545 360 660 408 verti
687 376 700 416 ;
730 358 921 406 verbum
948 359 1082 420 vitae,
1109 374 1187 407 seu
1215 358 1359 406 facem
1395 360 1502 406 vitae
1525 356 1670 404 susti·

118 442 285 486 nentes
302 470 318 496 ‚
347 437 396 483 in
440 435 610 483 vertice
635 441 870 494 tenentes,
898 433 991 492 aliis
1016 433 1351 497 praetendentes
1368 470 1382 496 ‚
1419 433 1534 480 utin
1562 445 1677 495 por-

117 521 215 562 tum
233 511 382 561 salutis
400 510 572 561 lumine
591 512 698 559 vitae
720 517 881 558 vestrae
900 507 1193 558 invehantur.

187 585 283 638 Sed
302 575 461 638 melitis
487 597 594 652 puto
609 625 621 647 ‚
645 589 684 636 si
710 586 977 651 intelligatur
1000 603 1081 651 per
1097 588 1480 651 comparationem
1509 582 1565 632 ad
1597 581 1672 630 lu-

118 667 306 716 minaria
325 683 338 713 2
356 667 468 715 sicut
505 664 570 714 sol
595 673 640 714 et
661 664 762 714 luna
786 673 829 714 et
853 664 992 714 stellae
1015 667 1154 713 vitam
1196 665 1303 713 dant
1329 661 1594 711 arrimalibus
1625 667 1673 707 et

119 745 306 811 plantis;
329 746 395 793 sic
417 752 461 794 et
477 761 561 793 vos
576 740 595 803 ,’
627 752 839 807 tanquam
869 743 1311 804 luminaria‚luminle
1344 741 1529 791 vivifico
1563 737 1672 788 fidei

113 824 363 875 illuminate
384 861 400 886 ‚
427 825 663 875 accendite
678 860 690 884 ‚
714 826 983 874 convertite.

188 901 272 950 Ad
289 902 483 963 gloriam
506 921 656 950 meam
678 902 725 949 in
742 903 814 948 dle
838 900 1031 960 Christi,
1058 898 1105 948 id
1126 906 1220 957 est,
1253 906 1299 947 ut
1329 897 1386 946 de
1415 898 1550 946 vobis
1566 894 1673 960 glo-

119 979 208 1026 rier
228 979 275 1025 in
296 977 370 1026 die
384 977 536 1039 judicii
554 1015 568 1039 ,
592 979 652 1026 ob
675 979 910 1042 copiosum
930 1013 942 1038 ‚
973 975 1140 1024 scilicet
1157 1010 1172 1036 ‚
1202 976 1248 1021 in
1279 973 1412 1022 vobIs
1434 970 1679 1036 Evangelii

122 1055 149 1101 a
169 1055 471 1118 mepraedicati
495 1054 701 1104 fructum.

191 1129 316 1182 Nota
337 1134 458 1199 quod
480 1130 644 1182 Paulus
664 1136 710 1182 in
734 1132 807 1181 die
835 1132 1176 1193 judiciitantirm
1199 1137 1244 1178 et
1268 1145 1419 1178 coram
1445 1124 1549 1175 Deo
1579 1122 1679 1174 vult

121 1209 184 1259 de
205 1209 533 1274 praedicationis
551 1227 641 1260 suae
659 1209 800 1259 fructu
822 1209 1014 1274 gaudere
1035 1217 1081 1257 et
1106 1207 1281 1271 gloriari
1299 1225 1311 1263 ς
1341 1212 1465 1270 optat
1484 1202 1677 1268 quidem

120 1285 245 1335 hunc
277 1286 474 1336 fructum
509 1304 720 1352 semper,
748 1294 791 1335 at
828 1287 954 1335 illum
997 1294 1173 1350 gustare
1192 1284 1287 1334 vult
1320 1287 1367 1333 in
1408 1282 1520 1332 coelo
1561 1289 1675 1342 tan-

83 1356 85 1358 ’
119 1369 234 1416 tum.

213 1441 310 1492 Hic
353 1442 682 1505 laborandum,
726 1442 1068 1502 seminandum3
1117 1443 1180 1492 ibi
1215 1445 1375 1492 messis
1421 1449 1466 1491 et
1504 1454 1678 1490 merces

121 1519 222 1568 erit.

172 1594 256 1660 Υ.
287 1614 365 1660 17.
391 1593 546 1644 Sedet
565 1598 609 1646 si
633 1595 865 1648 immolor.
897 1595 979 1648 Gr.
999 1599 1130 1647 libor.

188 1674 402 1726 Sacrificii
430 1676 530 1726 duae
565 1686 712 1741 partes
750 1687 902 1740 erant,
928 1680 1097 1728 scilicet
1138 1679 1360 1737 victima,
1388 1693 1432 1724 ν.
1462 1692 1506 1737 g.
1529 1712 1543 1736 ‚
1586 1675 1672 1724 bos

120 1751 286 1802 vitulus
305 1790 320 1814 ‚
363 1754 476 1802 aries
493 1789 504 1809 ,
546 1761 646 1810 etc;
688 1763 732 1804 et
745 1755 945 1805 libamen
967 1794 980 1818 ‚
1007 1774 1054 1805 v.
1091 1773 1133 1819 g.
1155 1793 1167 1815 ,
1191 1756 1370 1810 vinum,
1409 1751 1580 1811 oleum,
1604 1758 1686 1802 vetc

188 1824 386 1879 Victima
407 1827 599 1877 solemni
623 1832 708 1879 ritu
734 1849 813 1896 per
832 1832 987 1881 levitas
1013 1840 1056 1880 et
1093 1829 1351 1879 sacerdotes
1379 1829 1672 1894 praeparaba-

120 1912 216 1964 tur3
248 1906 414 1956 deinde
430 1924 565 1972 super
585 1925 683 1957 earn
708 1909 848 1958 fiebat
866 1910 1034 1958 libatio,

93 2022 106 2031 .
190 1976 270 2031 Ad
310 1981 401 2030 hoc
441 1981 638 2032 alludens
679 1981 740 2034 D.
780 1983 976 2046 Paulus,
1019 1980 1340 2048 Philippenses
1377 1990 1426 2032 ut
1466 1986 1674 2033 victimas

40 2121 42 2123 .
122 2056 410 2119 considerat,
433 2076 540 2123 quas
564 2058 667 2110 Deo
691 2078 771 2125 per
794 2058 1030 2126 Evangelii
1047 2061 1672 2126 praedicationemparaverat.

193 2133 334 2198 Quod
359 2139 415 2198 si,
438 2140 596 2204 inquit,
627 2157 764 2206 super
785 2141 1047 2190 sacrificium
1065 2149 1109 2189 et
1129 2140 1402 2190 oblationem
1426 2139 1534 2189 fidei
1560 2156 1677 2189 ves-

122 2220 234 2272 trae,
282 2219 532 2268 necessaria
553 2219 610 2265 sit
651 2221 878 2282 sanguinis
900 2220 989 2267 mei
1014 2218 1195 2280 libatio,
1240 2217 1448 2282 gaudebo
1478 2216 1537 2265 de
1557 2222 1686 2264 tanto

64 2341 70 2346 ,
125 2286 301 2335 honore
320 2324 335 2347 ‚
358 2288 550 2348 scilicet,
583 2292 704 2356 quod
731 2296 912 2357 sanguis
935 2310 1060 2341 meus
1081 2294 1137 2340 sit
1160 2292 1363 2341 sacrificii
1389 2293 1529 2340 vestri
1565 2307 1690 2339 con-

127 2367 391 2422 summatim
423 2374 468 2414 et
490 2385 604 2428 VOS,
631 2372 692 2418 ob
715 2370 805 2421 hoc
836 2374 983 2436 ipsum
1016 2372 1208 2437 gaudete
1228 2380 1275 2421 et
1309 2370 1667 2435 congratulamin

126 2439 268 2508 mihi,
295 2447 504 2505 tanquam
528 2443 586 2492 de
606 2446 731 2495 bono
753 2463 874 2497 meo.

197 2515 332 2567 Lenit
370 2518 575 2569 dolorem
598 2518 957 2588 Philippensium
975 2562 989 2585 ‚
1030 2526 1104 2588 qui
1141 2524 1359 2572 timebant
1382 2540 1441 2572 ne
1465 2521 1634 2576 Paulus
1662 2525 1687 2571 a

126 2591 318 2644 Nerone
340 2595 644 2654 occideretur3
675 2604 844 2649 tanturn
866 2602 993 2650 abest
1014 2609 1061 2649 ut
1084 2601 1131 2650 id
1150 2602 1298 2650 timeri
1320 2600 1456 2661 velit,
1481 2602 1690 2664 quinimo

129 2679 175 2722 et
203 2672 424 2725 desiderat
460 2673 595 2738 illud,
637 2683 682 2725 et
718 2678 810 2727 vult
844 2681 900 2742 ab
935 2679 1017 2728 illis
1055 2679 1325 2742 desiderari,
1365 2687 1414 2729 ut
1445 2679 1618 2729 bonum
1642 2686 1688 2729 et

127 2765 259 2797 suum
276 2757 319 2797 et
341 2748 529 2799 illorum.
856 2754 858 2757 ’

202 2823 497 2889 Obsequium.
521 2823 584 2878 G.
607 2826 776 2892 liturgia
793 2866 809 2893 ‚
837 2847 1010 2880 sacrum
1034 2831 1350 2881 ministerium.
