1800 3158
0 136 5 174 i

392 111 397 115 ·
442 104 658 149 'rnrpmx
683 102 969 140 ExpostTlo.
1007 86 1123 151 Cap.
1167 74 1227 137 V.
1487 79 1618 153 ,4173

114 174 387 244 Metaphora
408 167 540 228 ducta
573 179 631 227 ab
659 176 914 227 architectis
933 213 947 239 ‚
974 177 1052 239 qui
1086 189 1266 224 murum
1293 170 1426 222 simul
1458 159 1636 244 aedifi-7

42 265 165 307 cant.

68 333 69 336 ’
109 329 262 382 Debet
282 334 590 397 unusquisque
609 333 870 396 proximum
901 347 1030 380 suurn
1055 327 1296 392 oedrficare
1309 363 1325 387 ,
1349 326 1397 376 id
1418 333 1484 376 est
1503 338 1521 388 ,’
1537 327 1612 392 ip-

42 410 136 458 sius
171 409 361 458 salutem
387 412 542 459 verbis
563 417 609 458 et
632 408 1079 472 factis-promovere.

116 485 194 538 Ne
215 487 372 538 dicas:
397 486 508 539 Non
528 505 627 538 sum
659 487 850 548 doctor,
879 491 939 537 ait
964 485 1370 552 'llxeophylactus;
1399 483 1610 534 doctores

48 583 144 616 non
173 567 400 618 sufficiunt
431 568 489 635 ad
522 570 727 617 omnium
751 566 1141 616 aedificationem:
1165 566 1275 613 hinc
1303 567 1610 628 unusquisque

27 645 313 708 'proxumum
343 635 561 711 ddt'ficet.

113 721 185 786 JV.
216 742 293 774 12.
321 726 560 788 Rogamus
580 733 734 773 autem
768 741 850 773 νος
865 760 881 784 ,
902 721 1073 783 fratres
1091 759 1105 782 ‚
1134 731 1184 770 ut
1213 722 1477 781 noveritis...

37 802 59 806 ’“
111 795 351 866 Praecepta
373 802 447 851 dat
476 800 532 850 ad
561 803 667 850 vitae
693 799 948 849 christianae
976 795 1303 848 institutionem
1329 797 1572 861 spectantia
1593 799 1620 854 ‚⁴

43 894 98 926 ac
118 879 266 943 primo
296 880 587 930 commendat
607 879 833 928 honorem
853 879 1046 945 praelatis
1069 886 1113 927 et
1143 874 1365 926 Ecclesiae
1393 877 1608 924 ministris

44 957 269 1010 debitum.
638 974 640 976 ·

117 1032 270 1099 Rogat
291 1053 400 1100 ergo
430 1035 589 1085 fideles
611 1033 861 1090 inferioreS,
884 1041 933 1082 ut
950 1049 1110 1082 omnes
1126 1027 1342 1081 Ecclesiae
1357 1030 1605 1088 ministros,

45 1111 145 1158 sive
174 1110 384 1160 doctores
417 1112 533 1170 sint,
565 1111 664 1158 sive
704 1110 869 1172 praelati
892 1148 904 1170 ‚
936 1111 1032 1157 sive
1060 1106 1376 1172 quodcumque
1409 1102 1611 1153 officium

15 1193 313 1244 exerceant,
342 1193 660 1247 revereantur,
690 1184 903 1247 diligant,
935 1187 1089 1249 eisque
1111 1184 1363 1231 necessaria
1384 1180 1609 1245 suppedi-

43 1269 160 1310 tent.
658 1304 663 1311 ,

116 1335 298 1386 Omnes
326 1334 547 1387 Ecclesiae
571 1340 800 1387 ministros
830 1337 923 1386 dixi
944 1354 955 1395 ;
983 1354 1072 1386 nec
1094 1338 1217 1385 enim
1235 1335 1490 1384 necessario
1509 1331 1612 1381 haec

43 1417 126 1464 tria
152 1415 304 1463 eidem
330 1431 537 1479 personae
560 1417 854 1464 conveniunt.

117 1493 247 1556 Imo,
275 1503 364 1544 tres
395 1495 555 1558 gradus
590 1495 766 1543 videtur
800 1495 1104 1558 distinguere,
1132 1491 1328 1553 scilicet,
1367 1490 1576 1539 doctores
1596 1525 1613 1552 ‚

47 1573 255 1638 praelatos
275 1609 288 1633 ‚
321 1574 630 1637 presbyteros.

125 1653 188 1700 Ut
213 1654 423 1701 noveritis
442 1671 457 1699 :
489 1652 586 1702 haec
606 1655 774 1716 agnitio
795 1652 1013 1715 significat
1034 1651 1111 1700 hlc
1144 1651 1446 1700 reverentiam
1463 1684 1476 1710 ,
1496 1646 1612 1695 obe·

46 1729 263 1778 dientiam
282 1765 295 1791 ‚
323 1747 471 1778 rerum
493 1732 844 1779 necessariarum
867 1731 1352 1777 subministrationem.

118 1809 355 1870 Rogamus
387 1825 521 1870 ergo,
563 1815 610 1854 ut
643 1815 850 1871 respectu
887 1814 940 1853 et
966 1805 1130 1854 assectu
1168 1806 1394 1864 noscam,
1425 1819 1536 1863 seu,
1563 1808 1615 1850 ut

46 1888 349 1936 consideretis
369 1894 413 1935 et
439 1886 689 1936 honoretis.

120 1965 214 2012 Eos
237 1967 316 2029 qui
334 1966 551 2012 laborant
581 1966 700 2011 inter·
726 1981 838 2021 vos,
870 1962 1079 2012 docendo
1112 1962 1311 2025 scilicet,
1347 1970 1393 2011 et
1423 1978 1475 2011 ea
1512 1978 1614 2026 quae

51 2060 132 2091 sur·
125 2049 154 2089 ·t
175 2041 361 2090 salutis
358 2043 480 2090 :obis
502 2041 874 2090 administr-ando
1290 2080 1292 2084 .

119 2121 180 2167 Et
197 2128 403 2182 proesunt
422 2122 591 2168 vobrs'
572 2140 620 2167 m
646 2120 882 2177 Dom1'‚no
908 2117 954 2166 id
976 2125 1070 2176 est,
1100 2125 1144 2165 et
1163 2104 1240 2181 qui
1263 2117 1396 2165 vobis
1419 2124 1616 2179 praesunt

48 2197 94 2244 in
122 2198 175 2245 iis
202 2194 300 2262 qfiae
322 2205 525 2260 spectant
550 2196 606 2245 ad
631 2194 881 2244 Dominum
900 2210 1017 2256 ‚seu
1041 2193 1246 2258 praelatos
1269 2192 1619 2241 ecclesiasticos.

119 2272 183 2318 Et
207 2270 394 2319 monent
415 2290 527 2331 vos,
558 2272 604 2320 id
632 2281 726 2332 est,
754 2280 798 2321 et
821 2274 1004 2337 quivos
1034 2278 1223 2320 monent
1248 2269 1306 2318 de
1329 2268 1548 2318 faciendis
1571 2277 1618 2318 et

54 2347 113 2397 de
145 2346 389 2411 fugiendis,
412 2365 491 2396 seu
527 2351 838 2415 presbyteros,
860 2348 1018 2415 quibus
1040 2346 1132 2395 hoc
1162 2348 1361 2395 maxime
1383 2348 1614 2395 convenit.

123 2419 347 2470 {Rev-ota
367 2424 450 2470 tria
469 2423 750 2485 praelatorum
772 2427 816 2472 in
841 2423 1046 2472 subditos
1069 2424 1221 2470 munia
1253 2440 1264 2468 t

121 2495 359 2547 Laborent
376 2498 554 2547 assidue
575 2501 621 2547 in
647 2498 856 2548 docendo
877 2508 922 2548 et
943 2502 1196 2550 necessaria
1217 2497 1368 2546 salutis
1387 2497 1616 2548 adminis-

55 2577 235 2627 trando,
442 2574 446 2577 ’
585 2607 607 2637 χ
1184 2570 1189 2576 ’

127 2651 324 2702 Praesint
353 2661 396 2703 et
421 2661 577 2717 regant
603 2653 787 2702 sollicite
813 2655 926 2702 circa
951 2671 1004 2703 ea
1023 2669 1124 2718 quae
1150 2650 1340 2701 Domini
1365 2659 1484 2700 sunt.
1510 2704 1515 2712 ,

125 2727 324 2781 Fortiter
345 2740 389 2782 et
409 2731 670 2782 charitative
691 2741 904 2782 moneant
927 2733 986 2782 de
1005 2733 1220 2783 faciendis
1238 2739 1284 2780 et
1305 2731 1362 2781 de
1382 2731 1628 2797 fugiendis:

126 2801 183 2859 fi.
216 2809 289 2859 13.
322 2809 384 2857 Ut
408 2809 620 2858 habeatis
639 2809 745 2858 illos
774 2810 1089 2859 abundantiirs
1114 2814 1161 2859 ἰη
1189 2809 1437 2860 charitate.

125 2877 221 2931 Gr.¹
238 2892 282 2935 et
306 2883 473 2933 ducere
495 2882 591 2933 illos
613 2885 1022 2950 superexuberanti
1048 2890 1093 2936 in
1115 2885 1345 2937 charitate.

342 2969 377 3002 1.
1302 2966 1383 3000 20.
