1806 3164
103 82 168 134 32
562 96 824 133 EntsmLAE
858 98 932 134 An
971 99 1202 137 emes-ros

104 166 236 238 quod
260 169 495 233 Christu3‚
522 172 659 221 etiam
693 180 741 221 ut
777 170 953 234 hom0,
981 176 1037 223 sit
1063 191 1146 224 rex
1175 182 1221 224 et
1251 173 1484 228 Dominus
1508 149 1678 231 delict

114 265 271 315 terrae
295 252 626 317 angelorumet
653 251 913 304 hominurn.
1747 249 1752 254 ‘

177 330 314 378 Dola
337 338 405 378 est
434 330 558 378 miln
585 331 737 378 omnis
765 338 972 394 potestas
1003 331 1053 379 ιή
1078 334 1190 381 coelo
1215 342 1262 382 et
1280 335 1328 382 in
1352 334 1488 386 tert-d.
1510 335 1678 389 Matth'.

112 429 152 461 c.
181 410 342 460 ultimo
364 403 418 459 Ῠ
446 408 528 459 ·.18
1540 456 1547 461 .

176 485 345 550 Quoad
372 503 504 536 usum
536 494 687 536 tamen
719 484 852 548 hujus
882 489 1124 550 potestatis
1157 488 1366 538 nondum
1390 493 1544 540 omnia
1570 499 1676 541 sunt

108 566 334 628 subjecta,
358 572 405 613 ut
429 561 555 613 Heb.
589 582 634 611 2.
663 554 720 613 fi.
743 562 793 612 8.
818 563 981 612 dicitur
1002 585 1012 613 :
1038 563 1277 614 daemones
1311 569 1436 614 enim
1461 574 1507 616 et
1532 565 1694 616 malos'

113 639 329 689 homines
357 641 403 688 in
428 639 522 688 fine
547 641 719 687 tantum
740 638 1010 687 saeculorum
1029 642 1274 690 coercebit.

180 719 244 767 Et
271 721 423 782 ipsum
450 718 577 765 dedit
595 725 736 781 caput
763 733 904 782 supra
924 736 1107 766 omnem
1136 720 1410 768 Ecclesiam.
1428 715 1512 768 Gr.
1534 725 1582 768 et
1601 720 1683 783 ip·-

111 812 212 845 sum
244 794 369 844 dedit
409 802 567 858 caput,
597 811 730 857 supra
755 796 910 844 omnia
952 792 1183 846 Ecclesiae.
1218 794 1322 864 Syr.
1349 816 1577 866 eumque,
1607 807 1685 868 qni

113 884 180 926 est
202 893 337 941 super
359 877 512 924 omnia
532 911 545 935 ‚
575 874 700 924 dedit
722 883 853 940 caput
875 871 1110 925 Ecclesiae.

179 949 339 1017 Itaque
356 951 536 1000 videtur
556 950 676 1015 quod
696 953 754 999 stt
770 953 1060 1016 transpositio
1081 988 1092 1011 ‚
1115 953 1245 1000 etsie
1265 956 1465 1003 construi
1485 953 1680 1005 debeat:

119 1027 297 1078 Omnia
317 1028 514 1093 subjecit
533 1029 618 1076 sub
649 1028 843 1092 pedibus
866 1028 968 1092 ejus
980 1044 1002 1086 ,⁸
1026 1033 1264 1094 ipsumque
1285 1031 1350 1078 sic
1380 1047 1514 1095 super
1535 1034 1688 1082 omnia

114 1110 312 1171 positum
336 1114 381 1157 et
401 1107 698 1155 constitutum
726 1107 850 1154 dedit
871 1116 1013 1172 caput
1042 1107 1281 1158 Ecclcse‘oe.

181 1184 275 1237 Sed
297 1190 420 1250 juxta
442 1194 643 1234 nostram
666 1183 904 1249 Vulgatam
925 1224 936 1246 ,
957 1188 1107 1249 ipsum
1130 1188 1255 1235 dedit
1275 1196 1418 1253 caput
1437 1205 1574 1253 super
1588 1205 1685 1238 om·

114 1285 218 1316 nem
247 1266 506 1315 Ecclesiam
523 1301 540 1325 ,
574 1264 820 1329 angelicam
840 1265 1006 1316 scilicet
1027 1275 1073 1316 θῖ
1094 1266 1339 1317 humanam
1360 1303 1373 1329 ,
1399 1255 1699 1332 triumphan-'

115 1354 212 1394 tem
241 1352 285 1395 et
313 1345 599 1395 militantem.
773 1394 777 1396 ,

184 1420 461 1473 Ambrosius
486 1430 644 1472 nostro
669 1424 902 1488 interpreti
924 1431 992 1473 est
1010 1422 1274 1491 conform135

189 1492 246 1558 fi.
277 1497 358 1551 23.
387 1499 506 1564 Quae
536 1509 606 1549 est
629 1518 792 1564 corpus
822 1502 1020 1564 ipsius...
1036 1539 1049 1566 ,
1073 1501 1121 1551 id
1144 1507 1243 1564 est,
1271 1516 1372 1566 qnae
1392 1498 1599 1552 Ecclesia
1617 1506 1703 1556 θεῖν

123 1581 217 1644 eius
239 1596 403 1644 corpus
432 1580 693 1646 mysticum.

118 1675 120 1679 ·
191 1659 254 1707 Et
273 1658 507 1723 plenitudo
530 1657 630 1719 ejus
647 1693 660 1718 ‚
683 1656 729 1705 id
749 1663 844 1716 est,
869 1654 1086 1722 perfectio
1101 1692 1114 1716 ‚
1140 1656 1526 1722 complementum
1545 1655 1656 1706 iltius
1677 1675 1689 1704 ε

122 1742 253 1802 caput
287 1737 414 1784 enim
443 1733 669 1799 perficitur
695 1741 740 1782 et
761 1733 1014 1797 completur
1043 1749 1226 1782 accessu
1251 1734 1479 1797 corporis;
1503 1734 1621 1783 sicut
1646 1740 1694 1783 et

124 1820 257 1878 caput
280 1819 423 1861 totum
453 1827 614 1875 corpus
640 1811 828 1875 perficit.

194 1888 320 1941 Sicut
354 1897 484 1954 caput
501 1888 668 1938 solum
708 1897 777 1939 est
807 1906 1048 1946 mancum3
1089 1890 1147 1937 ita
1184 1889 1391 1938 membra
1421 1889 1523 1936 sine
1546 1887 1714 1951 capite,

125 1978 229 2020 sunt
250 1968 446 2018 inutilia:
469 1975 598 2031 caput
618 1984 726 2031 ergo
748 1971 857 2017 vere
881 1967 1129 2032 perfectum
1152 1974 1239 2028 est,
1263 1970 1366 2015 cum
1384 1954 1524 2015 habet
1540 1966 1695 2015 omnia
1716 1978 1724 1990 ‘

115 2050 195 2100 'sui
220 2048 423 2113 corpoxis
453 2046 675 2097 membra.

202 2126 301 2192 Qui
318 2127 479 2174 onmia
503 2126 551 2173 in
574 2126 788 2173 omnibns
805 2125 1097 2188 adimpletur.
1119 2122 1226 2191 Syr.
1248 2124 1322 2189 qui
1343 2122 1494 2171 omnia
1516 2122 1563 2169 in
1583 2135 1695 2168 om·-

127 2209 262 2257 nibus
291 2205 522 2270 adimplet.

201 2281 288 2334 Gr.
305 2277 615 2345 πλυρσμένσυ.
635 2279 745 2332 Vox
769 2289 835 2331 est
857 2282 1033 2341 media,
1059 2288 1154 2330 tum
1174 2281 1338 2339 activa,
1361 2285 1456 2327 turn
1485 2277 1661 2342 passiva
1679 2292 1693 2332 ;

132 2379 238 2423 seu,
267 2370 315 2412 ut
340 2364 400 2411 ait
418 2358 632 2424 Grotius,
653 2377 768 2410 sono
788 2362 997 2424 passivo,
1024 2376 1158 2408 sensu
1181 2366 1333 2407 tamen
1353 2357 1519 2416 actim,
1538 2352 1700 2414 forma,

132 2443 304 2507 inquit,
334 2439 482 2491 attica.

184 2516 462 2584 AEqualiter
486 2534 595 2581 ergo
622 2515 873 2580 significat,
907 2512 1198 2578 adimplentis
1221 2520 1262 2562 et
1290 2510 1550 2575 adimpleti,
1582 2517 1629 2560 et
1652 2512 1700 2559 ἰη

136 2605 327 2661 utroque
350 2615 486 2647 sensu
505 2596 583 2645 hic
605 2612 711 2644 vera
735 2602 818 2644 est.

204 2671 448 2724 Christus
437 2692 483 2722 m
507 2673 722 2722 omnibus
743 2671 834 2719 suis
856 2669 1073 2718 membris
1090 2665 1387 2729 adimpletur,
1413 2663 1627 2728 quantum
1645 2661 1704 2710 ad

139 2751 291 2799 omnia
316 2751 516 2812 corporis
542 2746 722 2808 officia,
756 2763 804 2793 v.
831 2761 873 2808 g.
891 2780 904 2806 ,
932 2744 1118 2803 manus,
1147 2742 1306 2807 pedi8‚
1331 2749 1418 2791 etc.

211 2820 427 2875 Christus
457 2823 604 2890 quoad
632 2840 818 2873 manum
847 2822 1058 2886 impletur
1086 2818 1350 2870 insshomine
1380 2815 1701 2877 misericorde3

141 2903 292 2971 quoad
318 2902 485 2970 pedem
503 2939 518 2966 ‚
543 2904 590 2951 in
616 2918 672 2951 eo
696 2903 771 2966 qui
801 2896 969 2950 Christi
989 2914 1143 2947 amore
1169 2899 1505 2961 peregrinatur,
1530 2893 1606 2943 vel
1630 2894 1707 2942 vi-
