1806 3164
211 50 279 112 '24
658 57 948 101 EPtS‘rOLAE'
961 66 1037 104 An
1085 25 1385 110 nmmos
1779 0 1806 73 ἲ

280 140 344 190 In
363 139 755 205 redemptionem,
786 139 842 189 id
864 147 968 204 est,
985 153 1138 226 usque
1159 131 1218 195 ad
1235 145 1421 232 plenam
1442 114 1806 221 efflantem

211 218 600 284 redemptionem.
1324 230 1330 267 f

282 298 648 364 Aequisztionis,
678 296 725 347 id
751 306 847 362 est,
871 299 1024 365 populi
1049 303 1270 368 acquisiti.

566 465 816 502 NOTANDA
852 466 922 501 Au
955 464 1413 507 INTELLIGENTIAM.'

280 600 539 670 Aequisitio
557 604 635 655 hic
650 609 839 656 sumitur
860 610 1037 673 passive
1056 627 1137 675 pro
1153 628 1200 661 re
1221 608 1464 677 acquisita,
1483 628 1564 662 seu
1585 611 1780 662 abstrac-

212 691 309 733 tum
332 699 415 749 pro
430 691 644 733 concreto
662 688 860 748 ponitur.
1566 705 1570 709 ’

282 755 517 822 Significat
531 774 640 822 ergo
656 760 871 824 populum
891 762 1177 826 acquisitum,
1195 762 1413 827 populum
1427 759 1538 827 Dei,
1559 763 1779 830 populum

213 839 407 890 electum
428 877 442 902 ‚
474 836 727 889 Ecclesiam
748 839 860 891 Dei.

283 913 473 981 Duplex
493 925 561 966 est
579 916 712 980 hujus
733 918 886 982 populi
908 917 1203 984 redemptio.

282 989 506 1044 Inchoata
519 1033 533 1058 ,
552 994 639 1059 qua
657 995 918 1046 redimimur
931 996 1008 1046 hic
1026 1000 1051 1045 a
1067 997 1242 1063 peccati
1257 997 1499 1057 servitute,
1521 1003 1567 1046 et
1582 996 1780 1048 fitiorum

213 1071 306 1127 Dei
333 1075 538 1127 libertate
563 1077 800 1128 donamur.

286 1148 561 1219 Completa
550 1172 595 1203 m
618 1154 761 1214 coelo,
788 1152 873 1220 qua
895 1156 952 1203 ab
976 1159 1102 1205 omni
1127 1173 1308 1222 prorsus
1320 1154 1442 1212 malo
1461 1149 1780 1218 liberabimur,

213 1241 259 1284 et
283 1232 453 1283 aeterna
472 1231 611 1298 gloria
630 1233 919 1284 donabimur.
1788 1240 1793 1247 '

281 1307 377 1360 Per
402 1308 572 1360 Christi
599 1320 793 1360 mortem
820 1315 846 1360 a
882 1319 1071 1376 peccato
1106 1312 1335 1377 redempti
1369 1325 1555 1376 sumus,
1604 1310 1688 1361 sed
1734 1310 1788 1361 in‘

212 1390 407 1439 miseriis
431 1389 565 1452 hujus
590 1393 697 1439 vitae
701 1380 1039 1455 relinquimur.

280 1463 339 1513 In
377 1467 626 1515 aeternitate
663 1464 792 1516 Deus
817 1467 1025 1531 pe1ficiet
1050 1466 1170 1517 hanc
1205 1466 1626 1530 redemptionem,
1644 1474 1782 1530 quum

209 1541 445 1593 inchoavit
465 1561 546 1608 per
561 1552 759 1594 mortem
777 1540 975 1593 Christi·
998 1562 1092 1594 non
1111 1549 1134 1593 ὲ
1157 1552 1344 1610 peccato
1362 1549 1535 1595 tantum
1549 1543 1775 1608 redimet,

210 1620 334 1670 sed
322 1638 347 1668 a
373 1619 576 1681 miseria,
602 1624 628 1669 a
649 1629 828 1681 morte,
856 1620 912 1668 ab
936 1624 1062 1670 omni
1090 1625 1272 1686 prorsus
1293 1621 1410 1669 malo
1434 1620 1660 1670 liberabit.

282 1693 597 1760 Quoadusque
616 1705 768 1746 autem
789 1695 912 1745 hoc
901 1713 949 1745 m
979 1695 1102 1745 coelis
1137 1693 1463 1761 adimpleatur,
1491 1694 1620 1744 datur
1640 1693 1779 1743 nobis

212 1770 403 1839 Spiritus
426 1780 604 1821 sanctus
622 1774 670 1820 in
691 1773 839 1834 terris,
864 1780 915 1821 ut
937 1771 1066 1821 arrha
1092 1780 1138 1822 et-
1156 1774 1337 1838 pignus,

283 1852 558 1916 Redemptio
600 1851 734 1915 igitur
771 1849 849 1899 hic
893 1851 1116 1915 significat
1153 1851 1336 1916 plenam
1371 1857 1419 1899 et
1460 1847 1779 1902 omnimodam

207 1928 466 1978 libertatem
487 1928 544 1976 ab
559 1927 773 1976 omnibus
795 1935 889 1976 tum
906 1930 1072 1989 animi
1089 1936 1186 1977 tum
1201 1928 1404 1993 corporis
1416 1925 1775 1989 infirmitatibuS,

210 2026 290 2058 seu
312 2010 689 2057 resurrectionem
712 2006 770 2056 ad
786 2015 1005 2057 aeternam
1031 2005 1311 2057 felicitatem.

280 2083 378 2136 Sub
403 2086 570 2150 duplici
599 2088 750 2152 itaque
777 2085 906 2135 titulo
938 2087 1107 2135 nobis·
1095 2103 1143 2135 m
1170 2083 1413 2151 Baptismo
1434 2082 1566 2132 datur
1583 2078 1778 2146 Spiritus

212 2174 415 2225 sanctus,
440 2173 490 2214 ut
511 2164 706 2229 sigillum
728 2172 773 2214 et
787 2172 835 2213 ut
856 2163 1002 2213 arrha.
1748 2179 1750 2186 ’

280 2243 338 2295 In
368 2242 606 2310 Baptismo
645 2261 727 2309 per
763 2246 951 2308 gratiam
980 2244 1113 2292 nobis
1146 2239 1344 2290 infusam
1379 2237 1488 2289 facti
1509 2245 1666 2288 sumus
1692 2234 1776 2288 fini

210 2321 304 2375 Dei
333 2343 344 2372 :
387 2321 577 2388 Spiritus
605 2321 724 2372 hanc
759 2322 964 2374 divinam
1006 2322 1271 2372 filiationem
1309 2317 1496 2384 sigillat,
1526 2319 1773 2382 ¹obsignat,

210 2401 438 2451 obfirmat.
1511 2451 1514 2453 ,
1707 2426 1710 2427 ’

279 2477 337 2528 In
353 2477 592 2544 Baptismo
615 2497 698 2545 per
713 2482 900 2545 gratiam
921 2478 1055 2527 nobis
1077 2476 1282 2526 collatam
1299 2478 1367 2539 jus
1386 2475 1444 2525 ad
1457 2473 1775 2525 haereditatem

210 2555 304 2608 Dei
346 2557 482 2622 patris
523 2558 694 2615 nostri;
728 2556 889 2621 illaque
919 2553 1193 2605 haereditatis
1221 2561 1403 2603 aeternae
1426 2551 1614 2602 felicitas
1635 2552 1775 2603 nobis

213 2639 517 2703 promittitur:
540 2632 730 2701 Spiritus
750 2644 930 2685 sanctus
942 2643 1056 2684 {unc
1079 2622 1208 2683 datus
1229 2639 1299 2681 est
1312 2632 1447 2680 nobis
1469 2629 1596 2680 velut
1609 2631 1773 2695 pignus

211 2724 258 2765 et
293 2713 422 2763 arrha
442 2703 689 2774 ‘felicitatis'
704 2716 962 2778 promissae,
1015 2711 1307 2779 quoadusque
1348 2712 1444 2775 ipsa
1482 2706 1769 2771 conferetur,

211 2795 530 2862 adimpleatur,
554 2802 598 2843 et
619 2810 700 2858 per
719 2809 822 2845 eam
845 2796 903 2844 ab
927 2795 1054 2844 omni
1077 2792 1195 2843 malo
1216 2800 1261 2842 et
1281 2787 1461 2842 miseria
1479 2789 1771 2840 redimam*-

276 2869 428 2922 Datur
446 2873 596 2937 itaque
620 2869 811 2939 Spiritus
834 2880 1040 2935 sanctuS,
1067 2872 1241 2938 primo,
1265 2878 1314 2921 ut
1341 2868 1580 2921 credentes
1600 2865 1774 2955 §sigittet

1778 3031 1801 3045 Q
