1806 3164
525 65 750 104 ‘rmnex
778 65 1063 102 exposrrro.
1101 47 1221 116 Cap.
1245 49 1345 100 IV.
1623 50 1720 101 125

627 173 950 212 onsmwxno
981 173 1226 210 MORALIS.

227 295 284 348 In
324 291 563 361 Baptismo
601 301 646 344 et
685 290 1047 346 Confirmatione
1092 292 1316 356 obsignati
1350 307 1506 340 sumus
1547 287 1718 358 Spiritu

158 382 339 432 sancto;
366 371 414 422 id
435 380 502 423 est·
521 408 536 435 ,
561 369 823 422 Conditoris
844 373 988 421 nostri
1011 373 1190 434 signum
1207 407 1219 431 ,
1248 370 1459 435 figuram‘
1474 376 1522 419 et
1546 371 1720 434 imagi·-

159 469 270 503 nem
290 451 569 516 recepimus,
592 451 778 518 gratiam
819 449 1172 498 sanctificantem
1189 485 1201 509 ‚
1228 445 1315 513 qua
1337 447 1413 496 filii
1433 443 1523 497 Dei
1548 455 1593 497 et
1613 444 1720 497 Deo

159 531 411 581 consecrati
450 529 761 591 agnoscimur,
797 528 910 575 sicut
941 543 999 576 ex
1034 525 1175 590 sigillo
1203 531 1537 591 agnoscuntur,
1562 542 1609 574 v.
1639 542 1717 588 g.,

92 626 97 630 ·
156 605 306 671 Regis
325 606 501 656 litterae.

228 680 339 732 Hoc
354 690 501 734 autem
519 679 694 744 sigillo,
718 697 812 729 non
833 682 981 730 anima
1015 682 1214 742 tantum,
1245 680 1327 729 sed
1345 696 1505 743 corpus
1518 687 1725 729 nostrum

158 767 210 810 et
241 760 392 808 omnia
427 759 639 808 membra
670 766 821 806 nostra
852 758 1085 822 obsignata
1105 765 1234 820 sunt,
1275 756 1570 819 sanctificata,
1609 753 1719 806 Deo

161 841 421 884 consecrata
437 870 451 894 ‚
473 836 531 883 ait
559 832 689 882 divus
712 829 1088 897 ChrysostoxnuS.

228 910 568 978 Quodcumque
592 917 703 962 vero
745 912 984 977 sigillatum
1005 919 1104 973 est,
1136 912 1298 975 aperiri
1312 927 1407 959 non
1430 917 1578 976 potest
1618 914 1718 961 sine

161 993 420 1040 auctoritate
444 992 540 1053 ejus
561 994 638 1056 qui
653 991 847 1056 sigillum
871 991 1096 1056 apposuit.

222 1067 334 1119 Non
349 1086 586 1134 possumus
609 1087 715 1133 ergo
737 1087 787 1118 os
809 1073 982 1134 aperire
1004 1070 1102 1117 sine
1122 1064 1313 1134 Spiritus
1335 1069 1476 1118 sancti
1492 1069 1715 1129 motioncn

154 1150 323 1212 quanto
347 1149 497 1197 minus
522 1147 631 1196 ittud
651 1148 708 1196 ad
731 1150 874 1211 turpia
894 1155 944 1195 et
969 1147 1186 1194 obscoena
1206 1146 1375 1195 verba!

221 1218 415 1286 Spiritus
437 1227 577 1275 sancti
605 1220 795 1289 sigillum
818 1222 954 1272 violat
991 1224 1068 1287 qui
1090 1239 1142 1271 os
1165 1223 1306 1286 aperit
1329 1220 1387 1271 ad
1429 1220 1598 1270 inutilia
1638 1220 1719 1270 10-
1748 1222 1756 1228 ’

158 1296 407 1361 quendum.

222 1372 441 1442 Spiritum
462 1383 666 1425 sanctum
704 1379 934 1425 contristat
960 1378 1035 1440 qui
1061 1375 1117 1424 ad
1143 1375 1258 1424 mala
1283 1377 1423 1426 verba
1463 1393 1543 1426 ore
1564 1385 1720 1427 sancto

155 1459 202 1503 et
221 1453 498 1502 sanctificato
519 1454 670 1502 utitur.
694 1450 814 1503 Vide
838 1453 960 1518 plura
982 1451 1100 1516 apud
1119 1448 1181 1502 D.
1209 1448 1375 1518 Chrys.

222 1520 280 1580 Ῠ.
304 1529 387 1579 31.
437 1529 604 1576 Omm's
630 1529 896 1597 amaritudo
934 1537 979 1574 ει
1008 1531 1134 1576 ira...
1155 1523 1407 1575 Enumerat
1439 1535 1483 1575 et
1507 1527 1724 1597 prohibet

155 1620 319 1653 omnes
357 1601 434 1654 iiae
455 1604 645 1668 gradus,
669 1603 793 1664 cujus
834 1605 959 1668 quasi
983 1604 1125 1674 prima
1170 1600 1299 1650 radix
1324 1607 1392 1649 est
1416 1605 1686 1652 amaritudo
1698 1639 1717 1665 ,

154 1683 243 1752 qua
281 1703 360 1736 cor
393 1685 619 1736 offensum
644 1687 842 1750 proximi
877 1684 993 1734 sacto
1026 1693 1099 1733 aut
1136 1684 1308 1745 verbo,
1349 1686 1583 1735 amarescit
1613 1702 1720 1750 erga

153 1766 322 1831 ipsum.
724 1744 776 1796 0

223 1839 350 1891 Hinc
371 1826 509 1892 oritur
533 1841 742 1907 quaedam
765 1842 913 1891 cordis
950 1839 1323 1900 effervescentia,
1362 1855 1440 1889 seu
1470 1840 1610 1888 animi
1636 1840 1720 1888 in-

158 1916 425 1971 flammatio
461 1914 546 1969 Gr.
583 1915 758 1980 Θυμος,
788 1919 1209 1981 excandescentia,
1254 1934 1354 1982 quae
1389 1924 1458 1966 est
1494 1919 1567 1965 ira
1596 1918 1721 1967 inci-

158 1996 312 2060 piens,

223 2071 412 2124 Deinde
429 2076 618 2139 assurgit
640 2075 919 2138 indignatio.
947 2071 1031 2126 Gr.
1066 2072 1150 2139 ὁρ),
1156 2089 1198 2128 n,
1216 2091 1276 2124 ira
1295 2071 1530 2139 perfecta,
1551 2075 1616 2124 ira
1635 2090 1724 2123 ac·-

160 2168 313 2202 censa.

222 2225 392 2279 Postea
427 2232 622 2295 erumpit
658 2232 705 2278 in
728 2230 970 2292 clamores,
997 2232 1220 2290 convitia,
1260 2228 1493 2294 querelas,
1532 2244 1720 2277 omnem

157 2303 354 2368 denique
370 2305 581 2354 malitiam
603 2310 862 2371 proximum
882 2307 1156 2369 laedentem,
1175 2323 1255 2356 seu
1285 2306 1719 2370 malignitatemjus-

154 2381 266 2430 titiae
289 2389 334 2431 et
359 2381 561 2434 charitati
583 2388 855 2450 oppositam.

223 2454 287 2507 Et
310 2456 413 2510 haec
436 2462 585 2509 omnia
614 2458 674 2513 D.
696 2459 864 2512 Paulus
895 2462 1035 2514 vulta
1061 2465 1198 2514 nobis
1220 2480 1399 2529 prorsus
1425 2471 1471 2513 et
1503 2460 1719 2511 radicitus

152 2534 306 2585 avelli.

222 2606 404 2662 Clamor
426 2620 493 2663 est
518 2628 662 2680 equus
685 2615 790 2675 irae,
816 2618 876 2664 ait
907 2614 1039 2664 divus
1075 2613 1204 2683 Chr)
1209 2620 1461 2673 sostomus;
1489 2630 1659 2696 equum
1679 2614 1723 2663 si

155 2690 479 2748 prostraveris,
506 2705 792 2740 ascensorem
817 2694 1037 2740 evertisti.
1063 2689 1138 2742 Ex
1166 2693 1352 2742 eodem.

223 2754 307 2806 lrae
327 2775 500 2822 pennas
521 2772 753 2827 amputas,
781 2768 819 2814 si
847 2765 1091 2816 clamorem
1119 2766 1307 2819 auferas.
1346 2766 1498 2818 Idem.

220 2824 276 2884 Ῠ.
302 2830 385 2884 32.
406 2836 574 2887 Estote.
588 2849 744 2889 autem
773 2843 963 2890 invicem
991 2843 1228 2907 benigni...
