1806 3164
513 100 746 147 mmvmxi
778 85 1228 157 Exposrrm.„Cap.
1261 87 1307 139 1.
1667 109 1700 153 7

73 192 81 198 ’
122 179 276 244 gloriae
291 214 306 240 ‚
346 177 424 227 det
442 176 576 226 vobis
601 173 818 243 Spiritum
839 178 1072 243 sapientiae
1092 175 1311 239 coelestis,
1328 171 1417 242 qua
1432 176 1588 226 divina
1609 191 1707 226 vo·

0 308 6 341 t
124 255 434 323 bis-mysteria
465 253 727 304 revelentur
757 256 982 321 apertius,
1025 256 1266 320 ipsumque
1306 259 1450 320 magis
1473 271 1527 304 ac
1557 258 1704 320 magis

126 332 434 398 cognoscatis.

0 361 22 478 ἒ,
192 409 422 462 Illuminet
445 412 651 459 internos
674 411 811 458 animi
837 410 978 460 vestri
1007 406 1190 470 oculos,
1217 415 1266 456 ut
1287 405 1533 471 perfectius
1553 409 1705 457 sciatis

0 451 23 551 l·
127 505 228 554 quae
258 496 312 538 et
338 495 501 554 quanta
525 495 629 535 sunt
666 495 867 547 aeterna,
891 494 937 535 et
979 484 1177 534 coelestia
1211 486 1363 543 bona,
1393 485 1450 534 ad
1477 501 1582 550 quae
1615 503 1706 535 nos
1771 521 1775 527 ·

0 549 12 658 ξ
130 573 298 626 vocat,
339 572 386 612 et
400 579 512 633 quae
531 580 616 612 nos
649 581 831 628 sperare
856 565 1015 627 jubet;
1055 571 1101 612 et
1137 565 1270 626 quam
1295 562 1536 611 abundans
1561 571 1701 629 atque

126 645 320 712 gl01iosa
339 642 580 703 haereditas
604 641 675 692 illa
697 661 831 708 quam
846 643 1062 694 fidelibus
1084 644 1364 708 praeparavit.
1571 689 1575 694 ,

200 719 266 771 Ut
289 723 438 771 sciatis
456 727 679 771 su'mmam
713 728 758 770 et
792 737 1050 785 supremam
1074 716 1163 769 Dei
1189 722 1440 785 potentiam
1458 756 1472 780 ,
1496 739 1632 788 quam
1656 725 1706 772 in

131 814 216 846 nos
217 785 397 859 fideles
418 798 645 853 exercuit;
666 798 712 844 in
734 805 888 845 nostia
912 795 1082 845 scilicet
1111 795 1326 860 spirituali
1351 801 1711 857 resunectione‚

129 874 191 923 ab
233 864 498 941 infidelitate
534 872 590 931 ad
610 872 752 922 fidem
784 869 980 931 Chxisti,
1012 880 1056 921 et
1079 876 1106 920 3
1130 881 1243 921 statu
1287 876 1458 938 peccati
1485 874 1541 922 ad
1578 877 1715 938 justi-

132 953 272 1008 tiam3
300 966 403 1015 quae
426 955 578 998 nostra
607 934 845 1014 spiritualis
872 935 1139 999 resurrectio
1172 948 1286 998 sacta
1307 958 1376 998 est
1396 949 1585 1012 eadem,
1624 968 1710 1001 seu

0 1007 17 1138 b
130 1028 270 1092 'simili
299 1024 501 1093 potentia
517 1065 532 1090 ,

198 1089 358 1167 Quam
383 1102 517 1154 Deus
535 1103 780 1154 exhibuit
769 1121 815 1151 in
834 1098 1041 1164 Christo,
1063 1106 1165 1152 cum
1192 1103 1316 1152 illum
1343 1123 1368 1153 a
1393 1108 1584 1155 mortuis
1601 1124 1710 1156 sus-

134 1182 318 1243 citavit,
336 1189 380 1231 et
394 1181 453 1230 ad
469 1180 675 1230 dextram
695 1197 824 1229 suam
859 1182 904 1228 in
920 1180 1042 1228 coelis
1061 1179 1324 1242 collocavit,
1343 1183 1564 1248 aequalem
1578 1183 1705 1235 illum

136 1259 226 1308 sibi
246 1258 494 1309 declarans.

168 1359 275 1415 At
315 1381 451 1430 super
486 1381 675 1414 omnem
716 1380 898 1427 prorsus
950 1370 1199 1413 creatutam
1254 1364 1540 1427 praeficiens,
1580 1383 1718 1432 supra
1759 1426 1765 1428 ἡ

138 1457 303 1513 omnes
324 1440 587 1503 angelorum
600 1439 792 1499 choros,
819 1441 890 1488 siv
894 1455 919 1487 e
939 1440 1030 1488 sint
1053 1436 1341 1505 Principatus
1365 1448 1409 1488 et
1434 1438 1714 1504 Potestates‚

138 1522 242 1570 sive
269 1515 489 1569 Virtutes
513 1527 557 1567 et
576 1515 956 1574 Dominationes;
977 1518 1076 1565 sive
1105 1517 1191 1566 alio
1215 1521 1430 1579 nomine,
1465 1519 1718 1584 dignitate,

142 1594 293 1646 officio
319 1603 364 1646 et
387 1593 654 1645 excellentia
675 1595 930 1660 potiantur,
947 1595 1082 1642 nobis
1101 1612 1174 1660 qu.
1164 1595 1286 1645 .dem
1305 1599 1643 1664 nuncignotis,
1671 1606 1719 1648 et

148 1694 248 1742 quae
270 1674 425 1726 sorte
413 1694 460 1726 ιη
484 1674 635 1726 futuro
652 1674 821 1725 saeculo
844 1691 1192 1739 cognoscemus.

141 1787 165 1829 4
213 1753 277 1810 Et
299 1757 484 1818 omnia,
511 1773 607 1805 non
627 1754 821 1806 visibilia
842 1757 1050 1817 tantum,
1075 1757 1159 1805 sed
1196 1763 1241 1805 et
1259 1756 1503 1806 invisibilia
1525 1734 1722 1820 subiecit

78 1887 83 1889 ,
144 1827 229 1885 sub
255 1834 446 1901 pedibus
470 1836 596 1896 ejus,

215 1907 463 1976 Ipsumque
481 1908 608 1958 dedit
629 1915 761 1972 caput
778 1914 908 1971 supra
929 1925 1119 1957 omnem
1139 1905 1399 1959 Ecclesiam
1415 1948 1429 1972 ,
1451 1914 1551 1962 sive
1569 1929 1719 1977 ange-

144 1987 307 2046 licam,
333 1989 431 2045 sive
450 1985 727 2047 humanam,
754 1987 853 2035 sive
882 1980 1101 2035 Gentium
1119 2022 1132 2048 ,
1161 1989 1258 2036 sive
1282 1985 1554 2039 Judaeorum
1571 2028 1586 2054 ‚
1615 1993 1719 2040 sive

147 2064 416 2124 militantem
431 2100 444 2125 ‚
468 2065 568 2112 sive
587 2061 958 2127 triumphantem.

141 2140 144 2143 ’
173 2203 179 2209 ¹
221 2139 344 2204 Quae
370 2137 574 2191 Ecclesia
592 2148 662 2190 est
687 2141 929 2206 mysticum
950 2141 1089 2203 ipsius
1105 2158 1282 2207 corpus,
1308 2151 1353 2192 et
1373 2145 1487 2195 illius
1510 2146 1723 2211 comple-

151 2222 385 2283 mentum,
414 2224 489 2286 qui
514 2221 664 2287 quoad
687 2223 842 2270 omnia
865 2222 912 2269 in
930 2221 1142 2270 omnibus
1165 2223 1448 2290 adimpletur.
