1800 3158
0 31 21 75 *4
485 54 707 92 παριεὶς
740 51 1026 112 ΕΧΡοεῐΤιο.
1067 37 1185 104 Cap.
1219 39 1266 88 Ι.
1554 39 1657 93 3ι5

162 136 293 193 Per
280 155 458 210 ipsum,
479 139 537 189 in
560 139 670 203 ipso
684 146 730 188 et
752 144 936 202 propter
955 138 1106 202 ipsum
1128 138 1281 186 omnia
1301 134 1412 186 sacta
1436 143 1541 186 sunt
1565 122 1659 188 (4⁴oe-

14 278 18 280 Y
77 214 256 278 latia,
260 215 534 276 Ἱειτεὲἶῒίθ,
555 213 750 263 visibilia
770 219 815 262 et
832 211 1092 261 invisibilia.

70 351 83 359 r
166 290 296 343 Per
282 309 435 360 ipsum
452 294 526 342 et
515 309 563 342 111
581 306 679 358 ipso
701 292 853 339 omnia
871 298 1113 350 constant,
1133 291 1386 339 consistunt
1407 298 1454 340 et
1475 308 1661 343 conser-

104 381 283 425 vamur.

155 446 398 500 ‘onmium
419 450 571 514 itaque
606 453 808 505 creator,
850 447 1062 494 omnium
1102 453 1430 510 conservator,
1462 448 1666 502 omnium

99 528 205 580 finis
225 528 426 578 ultimus,

150 611 232 676 {Et
261 616 337 681 qui
371 621 520 667 tantus
551 620 618 663 est
651 613 708 662 ab
736 620 940 671 aeterne,
982 619 1086 661 ante
1119 628 1255 677 quem
1286 614 1436 662 omnis
1468 621 1666 664 creatura

105 694 232 759 quasi
250 690 441 742 nihilum
464 690 533 740 est'
554 692 688 739 inane
705 727 719 752 ‚
744 693 767 738 a
787 692 909 753 cujus
930 689 1027 738 solo
1045 696 1154 738 nutu
1176 688 1375 754 pendent
1391 692 1542 739 omnia
1561 727 1579 753 ‚
1627 738 1630 741 ,

174 767 275 821 Hic
309 774 460 820 tantus
493 765 621 817 Deus
661 767 1021 817 homuncionem
1054 767 1309 832 perditum,
1342 769 1669 835 inimicumque

100 865 258 911 snum,
282 849 495 914 cogitavit
509 882 523 907 ‚
549 847 749 907 amavit,
768 844 962 894 redemit
980 853 1026 895 et
1041 861 1124 894 suo
1139 847 1356 908 sanguine
1374 845 1589 899 redemit.

156 920 374 989 'Propter
396 940 484 972 nos
504 924 697 972 miseros
718 920 860 970 homo
880 921 1019 970 sactus
1045 929 1141 980 est,
1170 938 1324 986 passus
1347 928 1440 983 est,
1463 931 1668 973 mortuus

105 1007 202 1062 est,
230 1003 415 1050 cruente
440 1007 485 1050 et
513 1000 818 1063 ignominiose
844 1006 1048 1046 mortuus
1076 1007 1160 1048 est.

187 1074 236 1127 O
264 1078 419 1128 amor!
445 1075 472 1126 ὃ
492 1093 618 1125 amor
638 1076 648 1125 1
680 1074 709 1123 ὂ
732 1077 898 1124 nimius
920 1092 1047 1124 amor
1071 1069 1082 1118 !

168 1163 316 1216 Hunc
337 1181 567 1224 amorem,
595 1163 875 1223 homuncio,
906 1165 1070 1212 mirare
1091 1200 1105 1226 ‚
1135 1171 1323 1228 stupens
1349 1164 1486 1214 adora
1502 1204 1516 1228 ‚
1539 1184 1669 1230 ama,

106 1243 235 1307 cole,
265 1261 546 1311 recognosce
570 1262 580 1291 ε
608 1243 670 1292 ob
696 1260 800 1291 eum
823 1242 989 1303 obedi,
1031 1244 1138 1291 vive
1170 1251 1291 1292 totus
1330 1251 1456 1295 tanto
1487 1255 1673 1314 tamque

102 1319 390 1385 bouoDeo,
415 1320 692 1384 redemptori
714 1327 807 1369 tu0.

163 1389 241 1463 ,ff-
267 1400 345 1451 18.
367 1401 432 1450 Et
455 1401 552 1464 ipse
569 1410 637 1448 est
660 1407 802 1465 caput
822 1401 1022 1463 corporis
1046 1400 1320 1450 Ecclesiae...

173 1485 238 1534 Et
255 1485 351 1549 ipse
373 1484 497 1534 idem
526 1484 582 1532 de
605 1500 695 1548 quo
713 1519 726 1544 ‚
760 1489 813 1531 ut
834 1480 965 1543 Deo,
1000 1481 1219 1531 hactenus
1245 1482 1373 1543 duci,
1410 1492 1458 1533 ut
1490 1484 1631 1537 homo

104 1570 172 1611 est
193 1569 335 1624 caput
355 1560 557 1623 corporis
575 1559 825 1616 Ecclesioe,
854 1575 987 1621 quarn
1008 1559 1123 1619 regit
1145 1565 1190 1606 et
1213 1564 1400 1619 movet,
1426 1561 1472 1607 in
1499 1577 1634 1625 quam
1652 1601 1665 1626 ‚

105 1637 230 1689 velut
257 1640 306 1688 in
330 1655 467 1687 suum
496 1635 786 1686 connaturale
824 1651 990 1698 corpus
1008 1669 1022 1695 ,
1063 1631 1210 1682 influit
1244 1636 1395 1683 omnia
1411 1640 1666 1700 ..gratiarum

109 1731 296 1780 genera.

172 1807 313 1870 Ipse,
338 1808 519 1868 inquam
535 1840 547 1864 ,
583 1804 662 1868 qui
678 1804 962 1868 principium
982 1839 994 1861 ,
1020 1819 1099 1851 seu
1121 1802 1331 1867 primitiae
1363 1807 1664 1854 resurrectio-

106 1887 176 1935 nis
197 1891 294 1944 est,
312 1890 471 1947 utpote
484 1882 818 1944 primogenitus
833 1917 848 1937 ,
873 1889 959 1928 etc.
974 1895 996 1935 ,·
1019 1881 1094 1943 qui
1119 1882 1288 1944 primus
1308 1888 1356 1929 et
1376 1890 1478 1930 ante
1500 1899 1661 1934 omnes

94 1961 350 2012 ftesurrexit
366 1956 424 2007 ad
443 1958 583 2006 vitam
608 1964 844 2005 aeternam.

20 2093 39 2099 ,
174 2043 331 2111 Aliqui
356 2041 546 2094 Graecos
563 2043 729 2093 multos
759 2046 899 2092 secuti
916 2079 930 2101 ‚
950 2042 1052 2092 loco
1074 2038 1223 2106 ἀρχὴ,
1254 2079 1268 2102 ‚
1296 2043 1343 2092 id
1364 2031 1454 2107 esst
1474 2046 1657 2109 princi-

103 2122 268 2186 pium,
293 2120 444 2184 legunt
465 2113 701 2182 ἀπαρχη,
721 2119 974 2185 primz‘'‚tzoe
1006 2136 1082 2168 seu
1112 2120 1311 2170 nobilim
1333 2137 1432 2184 pars
1459 2131 1659 2190 corporis

106 2194 356 2259 Ecclesiae,
381 2206 615 2262 totumque
640 2215 801 2263 corpus
819 2198 1129 2260 sanctificam,
1155 2200 1268 2248 sicut
1286 2201 1496 2263 primitiae
1516 2213 1657 2256 caete-

105 2290 181 2323 ros
200 2273 369 2324 fructus
392 2274 688 2324 sanctificant.

174 2355 404 2408 Primitias
429 2358 542 2408 dixit
563 2367 776 2423 tanquam
798 2360 855 2409 de
879 2358 1023 2408 fructu
1045 2358 1191 2423 aliquo
1210 2396 1222 2418 ‚
1255 2360 1502 2411 ostendens
1531 2368 1654 2431 quod

109 2452 196 2485 nos
228 2452 388 2484 omnes
424 2436 755 2497 sanctificavit,
800 2445 846 2487 et
885 2447 1094 2505 tanquam
1120 2438 1388 2487 sacrificium
1427 2442 1657 2498 obtulerit,

22 2523 29 2525 “
102 2509 171 2563 Ὅ.
194 2509 564 2576 Chrysostomus.

13 2599 17 2607 “
174 2584 298 2638 Nota
319 2579 676 2637 convenientias.

175 2671 258 2723 Ille
285 2677 383 2736 ipse
412 2675 514 2738 qui,
544 2681 593 2722 ut
639 2670 768 2722 Deus
785 2709 799 2733 ‚
820 2683 887 2722 est
916 2684 1026 2723 ante
1046 2694 1202 2724 omnes
1217 2711 1233 2735 ‚
1275 2683 1320 2724 et
1343 2678 1391 2725 in
1418 2694 1507 2742 quo
1531 2699 1653 2732 con-

105 2759 236 2800 stant
262 2755 442 2809 omnia,

176 2832 244 2885 'Ut
259 2835 402 2885 homo
424 2844 491 2884 est
512 2835 730 2885 Ecclesiae
748 2846 890 2902 caput
905 2876 921 2903 ‚
943 2838 1046 2888 fons
1080 2840 1227 2887 omnis
1249 2841 1520 2902 cognitionis
1542 2861 1655 2897 om-
