1800 3158
136 83 248 155 ,374
565 103 822 143 EPISTOLAE
857 104 926 143 An
961 82 1309 146 cotossansus

83 166 103 182 ‘
144 184 241 228 tem
276 179 390 239 verb
415 178 611 229 nullam:
637 197 664 230 a
698 177 905 230 Domino
931 188 1083 231 autem
1108 181 1376 233 mercedem
1398 185 1620 237 eximiam
1635 200 1723 238 re-

145 258 346 323 cipient‚
367 254 688 307 haereditatem
727 266 983 308 aeternam:
1014 260 1368 310 retributionem
1394 261 1686 316 hoereditais.

214 333 404 388 Christo
432 338 640 387 Dommo
676 348 850 389 ser-otte.

147 441 155 448 -1
211 414 334 468 Cum
367 422 392 468 a
416 413 602 468 Christo
624 416 831 468 Domino
853 424 1024 469 tantam
1049 420 1146 468 sitis
1169 420 1434 478 mercedem
1457 424 1715 490 recepturi,

143 512 252 560 ergo
269 494 396 545 heris
418 498 581 545 vestris
599 533 612 557 ‚
635 496 779 557 velut,
825 491 1013 544 Christo
1036 497 1242 547 Domino
1256 533 1269 558 ‚
1294 501 1487 558 semite,-
1515 517 1598 550 seu
1636 517 1714 551 re-

140 575 303 640 spicite
337 569 572 645 Chris-tum
611 583 829 640 tanquam
867 581 1071 625 vestrum
1101 573 1383 641 Dominum,
1418 576 1574 643 illique
1607 595 1716 629 ser-

139 653 253 705 vite.

209 727 295 782 Gr.
322 748 431 781 nam
461 727 647 781 Christo
674 728 884 780 Domino
913 733 1108 782 servitis.

204 806 310 876 Syr.
337 807 522 860 Christo
552 811 678 860 enim
708 805 917 858 Domino
941 813 1138 861 servitis,

161 880 173 889 “
205 888 441 957 Tuncque
459 908 619 941 sensus
637 892 723 940 erit
743 910 754 949 ;
783 890 941 956 quidni
962 893 1225 957 reciperetis
1240 891 1554 944 haereditatem
1571 902 1708 957 aeter-

132 983 271 1029 nam3
296 967 482 1020 Christo
507 971 631 1020 enim
654 965 858 1018 Domino
879 971 1075 1034 serviti5‚
1098 973 1135 1020 si
1161 973 1234 1037 pie
1259 980 1304 1021 et
1326 970 1568 1024 christiane
1588 975 1706 1037 jux-

131 1058 270 1117 taque
295 1048 387 1100 Dei
409 1050 691 1100 voluntatem
717 1048 915 1098 dominis
941 1051 1103 1100 vestris
1136 1045 1380 1101 serviatis?

141 1143 144 1145 ·
200 1126 272 1192 Y.
304 1127 387 1178 25.
417 1127 517 1193 Qui
540 1128 665 1176 enim
672 1123 809 1190 facit
831 1125 1129 1190 injuriam...
1154 1125 1240 1178 Gr.
1264 1137 1308 1178 at
1333 1131 1409 1195 qui
1443 1128 1548 1180 facit
1572 1132 1704 1194 inju-
1769 1153 1773 1160 ·

129 1207 274 1268 riam,
301 1214 389 1257 etc.
422 1203 527 1272 Syr.
563 1208 808 1265 caeterilm‚
845 1208 921 1269 qui
953 1209 1241 1270 peccaverit,
1277 1206 1369 1257 luet
1391 1223 1548 1273 poenas
1567 1216 1703 1274 prout

125 1288 409 1352 peccaverit,
431 1303 521 1336 nec
540 1295 609 1336 est
629 1285 837 1350 acceptio
857 1283 1091 1335 facierum.

191 1357 285 1412 Alii
305 1361 399 1419 hoc
417 1361 475 1412 de
495 1363 641 1413 servis
659 1360 1099 1425 injustisintelligunt
1119 1379 1132 1418 ;
1156 1361 1228 1410 atii
1249 1360 1308 1411 de
1330 1361 1556 1422 dominis,
1585 1376 1700 1412 me·—

122 1437 209 1489 lius
228 1441 267 1490 si
296 1439 357 1490 de
392 1441 594 1506 utrisque
632 1437 931 1502 intelligatur,
954 1445 1005 1487 ut
1041 1435 1215 1505 Ephes-
1254 1434 1317 1500 6,
1341 1437 1392 1488 8.
1426 1433 1600 1488 Sensus
1626 1441 1699 1487 est

123 1530 266 1581 ergo:

194 1590 293 1657 Qui
313 1593 473 1645 fecerit
493 1593 722 1656 injuriam,
743 1593 842 1642 sive
860 1608 1020 1642 servus
1037 1591 1234 1642 infidelis
1253 1591 1445 1643 domino
1465 1608 1575 1653 suo,;
1591 1594 1694 1642 sive

121 1670 335 1721 dominus
358 1673 405 1721 in
435 1686 620 1721 servum
657 1668 794 1718 durus
816 1675 862 1718 et
898 1670 1088 1731 injustus
1107 1705 1120 1729 ‚
1143 1670 1374 1731 injustitiae
1398 1685 1491 1719 suae
1509 1683 1693 1734 poenam

116 1747 327 1811 recipiet.

128 1866 156 1889 ,,
189 1822 322 1876 Deus
345 1824 469 1873 enim
489 1837 586 1871 non
607 1822 753 1886 magis
781 1820 980 1871 dominis
1003 1829 1155 1885 parcet
1181 1821 1346 1884 iniquis
1365 1823 1502 1885 quam
1518 1821 1690 1870 servis:

115 1920 206 1956 nec
227 1904 356 1954 enim
379 1901 674 1950 dominorum
696 1900 956 1964 iniquorum
973 1905 1249 1963 potestatem
1268 1897 1554 1948 reverebitur
1566 1933 1584 1961 ‚
1598 1913 1689 1947 nec

96 1997 357 2034 servorum
383 1976 637 2028 infidelium
665 1976 848 2027 miseria
873 1983 1096 2040 tangetur.

182 2058 308 2114 Vide
336 2058 594 2110 christianae
615 2058 847 2106 servitutis
873 2055 1189 2116 conditione3‚
1211 2049 1388 2119 Ephes,
1413 2050 1446 2102 6
1463 2090 1478 2117 ,
1505 2050 1577 2118 Jff.
1615 2051 1648 2104 5
1664 2087 1683 2115 ,

114 2140 148 2193 6
163 2181 178 2207 ,
200 2150 307 2204 etc„
330 2148 432 2207 post
449 2134 506 2193 Ῠ.
530 2137 564 2189 8
580 2175 594 2201 ,
615 2140 663 2188 in
683 2138 852 2189 eodem
876 2155 976 2205 cap.
1000 2135 1067 2202 Jff.
1091 2153 1141 2205 9.
1169 2133 1292 2189 Vide
1316 2134 1509 2185 modum
1536 2133 1684 2184 chris-

112 2224 249 2274 tianae
271 2221 612 2272 dominationis·

112 2377 420 2431 corollarium
433 2376 625 2443 pietatis
641 2412 655 2437 ,
677 2393 757 2425 seu
773 2377 822 2423 in
838 2374 927 2422 hoc
948 2366 1066 2438 Cap.
1085 2369 1137 2431 3,
1153 2371 1219 2421 ad
1228 2372 1451 2437 pietatem
1466 2371 1680 2423 maxt'md

445 2453 658 2506 notanda
672 2490 686 2518 ‚
704 2461 750 2502 et
770 2452 838 2501 ad
857 2451 1052 2516 praxim
1077 2449 1342 2514 redigenda.

802 2605 985 2661 munh.

95 2737 210 2834 U'r
227 2779 335 2833 Deo
359 2774 646 2846 Christoque
668 2777 805 2843 digne
826 2778 976 2837 vivas,
998 2772 1262 2839 frequenter
1280 2770 1467 2824 attende
1488 2771 1546 2822 ad
1567 2773 1671 2837 spi-

81 2860 291 2914 ritualem
317 2868 362 2910 et
385 2855 758 2921 divinam‘gratiae
778 2856 921 2908 vitam
936 2854 1060 2917 cujus
1083 2849 1226 2902 sactus
1248 2867 1299 2901 es
1324 2866 1407 2916 per
1426 2846 1661 2900 Christum

79 2943 131 2994 in
163 2936 407 3007 Baptismo
447 2938 692 3005 particeps.
