1806 3164
531 79 758 125 ’ram->nx
793 84 1073 125 Exposrno'.
1109 69 1227 139 Cap.-
1262 70 1310 125 Ι.
1672 64 1706 123 5

205 151 463 221 Umibis,
497 161 622 212 velut
649 162 751 212 filiis
776 165 868 212 suis
887 199 899 223 ‚
925 170 1086 212 notum
1106 161 1276 212 faceret
1298 178 1509 212 arcanum
1535 161 1706 212 divinae

137 256 234 292 suae
259 240 502 294 voluntatis
527 242 826 308 mysterium,

192 414 311 492 'Qua
351 425 521 477 scilicet
545 444 626 492 pro
664 428 789 476 bono
821 424 981 476 affectu
1017 443 1100 475 suo
1135 426 1400 476 decreverat
1434 443 1513 490 per
1531 418 1704 478 Filium

135 517 294 568 suum,
319 520 415 556 non
443 499 635 555 Judaeos
671 508 868 567 tantum,
894 504 977 554 sed
1010 505 1271 553 universum
1305 505 1529 555 mundum
1564 505 1703 556 redi-

135 601 280 635 mere·
575 626 580 628 v
1263 591 1265 593 ’

203 659 270 712 Ut
302 662 381 712 ubi
426 668 603 727 tempus
629 665 655 710 ὲ
685 679 734 710 se
780 661 1036 710 ordinatum
1077 660 1342 722 adveniret,
1382 663 1564 723 omnia,
1606 666 1704 714 tirm

136 742 239 802 quae
263 737 308 786 in
327 734 450 785 coeli-s
467 772 479 796 ,
501 743 598 785 turn
621 754 718 801 quae
733 738 778 785 in
796 739 922 785 terris
942 745 1072 797 sunt,
1100 737 1409 802 recapitularet
1430 740 1474 784 in
1496 729 1700 799 Christ03

203 809 260 863 In
289 815 414 879 ipso,
440 815 653 878 inquam,
686 822 728 862 et
763 831 857 862 non
895 814 1009 862 alio:
1035 804 1139 879 ipse*
1174 816 1295 862 enim
1323 832 1437 866 unus
1460 823 1615 879 capu?
1636 825 1705 867 est

131 888 422 957 Angelorum
442 929 454 953 ‚
497 899 539 939 et
562 890 802 939 hominum
820 927 832 950 ‚
875 888 1140 940 Judaeorum
1167 898 1211 939 et
1232 886 1454 940 Gentium
1476 928 1489 952 ‚
1534 882 1589 941 3⁵.
1619 908 1704 942 22.

202 967 295 1019 Per
316 988 450 1036 quem
469 1007 483 1031 ‚
516 977 560 1018 et
590 973 774 1033 propter
817 986 983 1034 quem,
1007 987 1092 1018 nos
1123 966 1367 1034 Apostoli,
1398 978 1442 1018 et
1477 969 1610 1035 aliqui
1630 973 1703 1020 alii

131 1047 422 1111 Judmi‚sine
448 1048 537 1097 ullo
560 1065 617 1097 ex
641 1055 766 1114 parte
787 1057 939 1098 nostra
959 1052 1158 1111 merito,
1203 1050 1286 1098 sed
1309 1051 1434 1114 quasi
1467 1056 1589 1100 sorte
1612 1068 1711 1100 vo·-

131 1131 218 1179 cati
239 1146 392 1178 sumus
414 1128 471 1177 ad
494 1127 632 1187 fidem
656 1146 668 1186 ;

198 1202 268 1257 At
291 1224 350 1257 ex
371 1214 496 1272 parte
516 1203 636 1267 Dei,
675 1206 732 1255 ad
760 1206 877 1255 hanc
901 1214 1003 1255 ante
1027 1205 1136 1255 alios
1170 1208 1458 1256 vocationem
1491 1208 1703 1273 praedes-

129 1287 277 1345 tutati,
303 1303 362 1336 ex
385 1285 571 1335 decreto
601 1285 713 1333 illius
737 1287 811 1348 qui
831 1284 944 1333 nihil
974 1283 1192 1345 fortuito,
1213 1285 1296 1333 sed
1320 1287 1471 1334 omnia
1488 1284 1594 1337 facit
1613 1305 1700 1338 vo-

127 1359 324 1422 luntate,
350 1376 431 1424 per
453 1359 675 1408 infinitam
702 1362 969 1423 sapientiam
993 1357 1175 1408 directa

196 1435 262 1486 Ut
278 1454 363 1486 nos
381 1435 555 1497 Judaei,
586 1441 661 1504 qui
685 1442 805 1503 prius
828 1441 875 1487 in
898 1435 1130 1488 Christum
1155 1439 1431 1490 credidimus
1449 1477 1462 1503 ‚
1480 1446 1528 1489 et
1545 1448 1699 1503 spera·

127 1515 463 1579 vimus‚‘ipsius
510 1515 660 1579 gloriae
698 1510 823 1564 laudi
865 1517 1193 1574 insewhmus,
1230 1519 1276 1565 in
1319 1533 1506 1565 omnem
1543 1516 1697 1568 locum

123 1591 398 1657 perferendo
425 1609 527 1659 quae
549 1590 755 1642 Christus
783 1611 864 1658 pro
892 1594 1028 1642 nobis
1051 1597 1141 1658 egit
1165 1602 1210 1644 et
1235 1612 1387 1659 passus
1412 1603 1501 1658 est,
1527 1604 1572 1645 et
1592 1608 1698 1662 qu'ae

126 1680 311 1737 propter
330 1671 451 1721 illurn
471 1673 606 1721 nobis
627 1670 736 1721 secit
763 1670 907 1722 Deus,

195 1745 289 1798 Per
310 1763 443 1814 quem
470 1757 515 1798 et
556 1755 740 1813 propter
775 1766 912 1812 quem
944 1767 1029 1799 vos
1049 1767 1231 1815 quoque
1251 1787 1264 1810 ‚
1291 1748 1512 1815 Ephesii,
1549 1749 1697 1802 Gen-

126 1825 228 1877 tites
249 1826 306 1874 ad
342 1827 480 1875 iidem
511 1829 661 1876 vocati
684 1818 791 1876 estis
814 1849 825 1885 ;
856 1846 941 1876 vos
960 1865 973 1888 ‚
999 1832 1207 1893 inquam,
1233 1833 1307 1892 qui
1342 1831 1535 1879 verbum
1566 1834 1706 1881 veri-⁷

123 1906 225 1951 tatis
244 1903 427 1952 audistis
446 1941 458 1964 ‚
485 1901 787 1967 Evangeliutn
813 1905 981 1953 scilicet
1014 1905 1164 1953 salutis
1186 1913 1374 1967 vestrae,
1397 1914 1440 1954 et
1479 1908 1555 1969 qui
1588 1924 1694 1956 cre-

126 1979 287 2029 dentes
307 1983 353 2028 in
390 1982 563 2045 ipsum,
602 1981 775 2045 sigillati
810 1984 917 2031 estis
959 1980 1127 2047 Spiritu
1165 1991 1320 2032 sancto
1358 1986 1405 2031 in
1450 1980 1692 2048 Scripturis

125 2060 371 2122 promisso,

192 2133 287 2197 Qui
307 2133 499 2201 Spiritus
519 2144 698 2186 sanctus
714 2145 782 2186 est
803 2141 962 2202 pignus
986 2147 1029 2188 et
1053 2138 1180 2188 arrha
1200 2177 1211 2199 ‚
1239 2148 1282 2189 et
1304 2143 1428 2205 quasi
1442 2149 1702 2206 praegustus-

123 2220 294 2263 nostrae
320 2213 538 2261 felicitatis
569 2222 611 2262 et
630 2213 904 2264 haereditatis
927 2215 1084 2266 suturae
1107 2220 1153 2265 in
1175 2215 1315 2278 coehs,

194 2288 506 2354 Quoadusque
543 2285 682 2339 Deus
712 2291 917 2354 perficiat
956 2300 1000 2342 et
1046 2293 1290 2358 adimpleat
1322 2293 1691 2359 redemptionem

120 2369 273 2433 populi
291 2386 425 2432 quem
445 2367 530 2418 sibi
549 2371 784 2434 acquisivit
798 2407 811 2429 ,

188 2443 253 2496 Ut
275 2448 331 2496 ab
351 2464 407 2497 eo
432 2447 632 2497 laudetur
661 2457 706 2496 et
734 2450 1004 2512 glorificetur
1029 2451 1075 2497 in
1095 2458 1330 2499 aeternum.

185 2518 466 2587 Propterea,
492 2540 549 2572 ex
570 2541 659 2587 quo
699 2525 846 2572 audivi
886 2534 1086 2574 vestrum
1111 2528 1156 2573 in
1182 2525 1272 2574 fide
1296 2523 1465 2575 Christi
1493 2525 1687 2591 prosec-

114 2606 210 2649 tum
229 2636 244 2661 ‚
276 2608 322 2649 et
350 2608 543 2663 vestram
563 2603 609 2648 in
639 2618 798 2650 omnes
822 2597 1104 2651 Christianos
1128 2602 1415 2653 dilectIOnem
1439 2641 1453 2666 ,

181 2693 289 2747 Non
313 2714 441 2747 cesso
463 2699 623 2761 gratias
643 2714 776 2760 agere
790 2733 804 2758 ,
839 2706 883 2747 et
905 2715 1031 2799 o'rare
1050 2717 1129 2764 pro
1147 2702 1279 2750 vobis
1298 2736 1310 2760 ,

181 2870 255 2927 Ut
303 2874 432 2926 Deus
456 2874 646 2927 Domini
688 2883 829 2929 nostri
857 2879 968 2930 Jesu
1009 2880 1207 2946 Christi,
1245 2893 1399 2935 auctor
1422 2863 1472 2935 et⁸
1505 2887 1683 2953 largitor
