1800 3158
135 96 237 165 ²43²
536 98 904 150 tms‘romzssn
933 95 1285 152 Pmnmssus‘u
1299 134 1308 141 „

571 377 841 435 CAPUT
877 357 1267 438 ΤΕΗΤῙΠΜ.

820 544 1010 594 Textus.

142 753 189 785 ι.
206 678 322 779 DE
346 730 534 778 caetero
551 762 566 786 ‚
589 719 777 776 fratres
802 720 941 790 mei,
984 719 1204 793 gaudete
1236 721 1293 776 in
1314 718 1707 780 Dominmffi-
1746 759 1750 761 -

142 817 269 872 dem
297 810 448 868 vobis
470 807 700 865 scribere
719 850 733 876 ,
753 807 884 864 mihi
910 809 1126 879 quidem
1149 816 1260 866 non
1287 807 1524 880 pigrum,
1554 810 1704 868 vobis

141 914 323 961 autem
341 895 715 954 necessarium.

211 1018 261 1048 2.
280 987 478 1046 Videte
497 1006 656 1043 canes
669 1028 685 1055 ,
702 983 877 1042 videte
896 985 1069 1044 malos
1084 987 1374 1057 operarios,
1390 985 1564 1043 videte
1579 1005 1706 1042 con-

142 1080 420 1137 cisionem.
517 1095 547 1103 ·

205 1167 256 1222 3.
283 1164 401 1222 Nos
439 1159 584 1217 enim
623 1169 806 1217 sumus
835 1159 1163 1218 circumcisio
1189 1161 1282 1231 qui
1315 1162 1504 1232 spiritu
1539 1168 1706 1222 servi-

137 1272 260 1307 mus
298 1249 454 1317 Deo,
496 1258 547 1301 et
590 1246 877 1318 gloriamur
906 1247 963 1302 in
994 1246 1205 1304 Christo
1238 1247 1399 1317 ὄρεα,
1427 1261 1477 1304 et
1515 1252 1706 1307 nonin

139 1356 295 1393 carne
318 1332 572 1390 fiduciam
596 1331 878 1389 hahentes:

189 1428 258 1490 [μ’
279 1424 708 1491 Quanquam'ego
729 1418 954 1475 habeam
985 1419 1366 1476 confidentiam
1382 1432 1434 1476 et
1453 1419 1508 1476 in
1533 1442 1706 1480 carne.

138 1509 198 1567 Si
222 1511 340 1580 quis
364 1508 496 1565 alius
515 1508 723 1564 videtur
748 1508 1017 1564 confidere
1038 1508 1091 1562 in
1118 1529 1303 1578 carne,
1331 1509 1618 1582 egobmagis
1636 1553 1653 1581 ‚

207 1668 259 1719 5.
302 1656 667 1715 Circumcisus
702 1666 889 1710 octavo
933 1654 1018 1709 die
1034 1696 1048 1719 ‚
1092 1674 1156 1708 ex
1182 1674 1372 1725 genere
1417 1653 1580 1710 Israel
1598 1698 1612 1723 ‚
1639 1654 1706 1710 de

137 1750 285 1809 tribu'
301 1744 583 1815 Beniamin
601 1787 614 1812 ,
645 1742 905 1799 Hebraeus
926 1763 987 1797 ex
1014 1741 1257 1798 Hebraeis
1275 1785 1289 1811 ‚
1312 1742 1604 1798 secundum
1626 1742 1707 1799 le-

140 1861 260 1915 gem
289 1833 591 1893 Pharisaeus
609 1876 624 1902 ‚
988 1839 992 1849 '

208 1933 258 1983 6.
303 1923 604 1981 Secundum
640 1918 1032 1977 aemulationem
1070 1938 1389 1988 persequens
1413 1917 1706 1975 Ecclesiam

107 2031 110 2033 “
134 2013 277 2078 Dei3
302 2010 594 2069 secundum
613 2006 870 2078 justitiam
894 2027 1009 2075 quae
1025 2004 1082 2059 in
1102 2006 1216 2078 lege
1238 2017 1348 2075 est,
1369 2018 1707 2063 conversatus

139 2104 253 2163 sine
278 2101 510 2172 querela.

209 2189 382 2263 7.<Sed
408 2208 523 2257 quae
540 2183 672 2241 mihi
692 2184 904 2240 fuerunt
927 2180 1074 2236 lucra
1092 2224 1106 2251 ‚
1138 2181 1249 2238 haec
1285 2180 1563 2238 arbitratus
1586 2201 1703 2237 sum

130 2290 350 2351 propter
372 2274 649 2331 Christum
681 2272 1012 2327 detrimenta.

203 2429 252 2480 8.
289 2424 677 2479 Verumtamen
713 2415 956 2473 existimo
979 2413 1162 2471 omnia
1193 2412 1569 2470 detrimentum
1593 2434 1708 2472 esse

137 2524 356 2585 propter
395 2508 717 2565 eminentem
754 2503 1031 2563 scientiam
1064 2502 1195 2558 Jesu
1238 2499 1440 2558 Christi
1476 2502 1707 2574 Domini

137 2600 247 2656 mei
275 2610 526 2670 :propter
544 2615 703 2667 quem
732 2592 913 2649 omnia
941 2589 1324 2647 detrimentum
1345 2587 1446 2645 feci
1480 2600 1533 2645 et
1562 2589 1702 2645 arbi-

139 2701 252 2745 tror
275 2698 331 2743 ut
353 2697 585 2744 stercora
607 2726 621 2753 ‚
649 2694 705 2738 ut
736 2679 1011 2738 Christum
1034 2676 1392 2743 lucrifaciam,
