1806 3164
493 79 1007 141 Tmmnxrgosmo.
1046 65 1165 136 Gap.
1199 62 1292 120 IV.
1568 81 1686 119 aaran

410 183 456 210 ⁴
549 190 554 211 ἶ

576 255 590 262 ·
603 240 923 280 OBSERVA'rto
958 239 1201 276 momms-

159 391 413 458 Qfluilibet
427 392 679 456 baptizatus
715 398 783 440 est
817 387 896 439 hic
930 404 1080 438 novus
1115 387 1288 451 homo,
1322 404 1403 452 per
1443 405 1693 453 regenera-

129 474 308 524 tionem
351 477 524 520 creatus
564 465 670 518 Deo
704 465 979 527 conformis,
1020 473 1179 531 utpote
1209 468 1257 516 in
1296 465 1405 516 vera
1448 466 1615 530 justitia
1651 476 1735 517 et

77 599 79 602 ,
133 549 385 609 sanctitate.

193 620 368 676 Potest
391 630 436 672 et
458 638 562 680 cum
583 617 647 670 D.
671 589 989 686 Hieronymo
994 619 1181 684 intelligi
1204 619 1328 684 quod
1346 618 1440 668 hoc
1459 636 1544 668 nos
1563 618 1698 683 docet

135 701 324 754 induere
354 697 613 760 Christum,
637 701 816 764 ipsique
844 700 1098 748 imitatione
1126 700 1222 748 fieri
1242 699 1426 748 similes.

207 766 490 829 Christianus
513 778 636 826 enim
673 775 809 824 debet
839 791 939 824 esse
965 776 1090 839 quasi
1113 773 1222 823 alter
1255 770 1488 833 Christus,
1515 769 1698 830 Christo

138 855 324 917 similis,
353 851 522 905 Christi
554 857 729 918 imago,
761 849 930 902 Christi
967 854 1183 902 virtutum
1209 854 1407 901 imitator
1430 888 1444 914 ,
1470 846 1702 902 Christum

142 931 342 1000 quotidie
374 933 523 997 magis
551 947 602 980 ac
629 931 770 993 magis
794 928 1009 988 induere,
1050 945 1129 977 seu
1156 930 1343 986 imitari3
1381 929 1442 977 ita
1465 934 1514 975 ut
1535 928 1702 991 inipso

144 1010 354 1059 videatur
378 1005 612 1081 Christus,
633 1004 802 1056 Christi
819 1004 1077 1067 humilitas,
1103 1004 1348 1061 modestia,
1373 1003 1701 1062 mansuetudo,

144 1083 359 1145 charitas,
384 1090 470 1132 etc.

215 1152 359 1210 Hoc
346 1178 393 1210 ιιι
421 1157 660 1226 Baptismo
684 1157 1042 1224 spopondimus-
1072 1158 1164 1207 hoc
1185 1165 1476 1223 repraesentat
1511 1158 1709 1206 vestium

147 1239 404 1310 baptizandi
441 1242 629 1301 exutio,
667 1247 713 1288 et
750 1255 972 1288 novarum
1011 1239 1224 1302 baptizati
1265 1240 1463 1286 vestium
1499 1237 1710 1289 indutio:

151 1318 358 1368 exuimus
376 1333 540 1380 pravos
556 1325 600 1366 et
615 1324 795 1366 veteres
809 1315 1026 1381 peccandi
1044 1320 1151 1364 ritus
1169 1322 1214 1364 et
1232 1313 1418 1364 affectus
1436 1351 1450 1378 ,
1471 1323 1518 1364 ut
1536 1332 1710 1367 novum

151 1399 354 1446 animum
383 1391 552 1445 Christi
571 1395 809 1444 induamus
834 1397 883 1442 in
903 1394 1066 1456 justitia
1087 1402 1131 1444 et
1155 1395 1404 1443 sanctitate.

221 1471 436 1526 Christus
456 1476 607 1539 itaque
628 1476 653 1522 a
678 1469 940 1526 Christiano
963 1475 1176 1522 continue
1194 1480 1238 1521 et
1256 1475 1425 1521 attente
1443 1472 1716 1523 studendus:

158 1552 392 1612 Christus,
437 1553 554 1602 liber
579 1555 699 1640 intus
726 1560 770 1601 et
794 1551 903 1601 foris
930 1556 1148 1637 scriptus,
1192 1569 1376 1617 semper
1407 1556 1432 1602 ὲ
1457 1549 1716 1605 Christiano

157 1635 408 1702 legendus.

214 1709 409 1776 Tutus,'
397 1713 536 1779 ipsius
547 1712 742 1772 animus,
759 1710 947 1760 charitas
963 1747 975 1770 ,
1005 1709 1259 1770 humilitas,
1285 1711 1605 1772 mansuetudO,
1627 1721 1721 1763 etc.

228 1786 360 1839 Foris
377 1826 389 1850 ,
455 1791 631 1838 externi
674 1796 797 1837 actus
818 1825 833 1849 ,
875 1780 1122 1852 patientia,
1174 1790 1470 1852 poenitentia,
1515 1805 1721 1853 pauper-

161 1878 254 1931 tas,
281 1875 370 1918 etc.

230 1942 288 1994 In
302 1945 393 1994 hoc
412 1945 558 1993 studio
578 1946 753 1993 animus
774 1952 931 1992 noster
949 1940 1117 1992 Christi
1135 1944 1337 1992 animum
1360 1942 1516 1993 induat
1533 1962 1545 2003 ς
1568 1961 1719 1995 mores

166 2024 308 2070 nostri
336 2022 474 2070 vitam
498 2017 666 2070 Christi
687 2022 959 2084 exprimant.

235 2097 362 2151 Sicut
399 2100 542 2150 homo
572 2108 702 2150 veste
735 2099 916 2149 indutus
957 2098 1068 2150 nihil
1103 2101 1188 2148 nisi
1232 2108 1410 2150 vestem
1451 2103 1728 2154 intuentium<

169 2175 309 2226 oculis
329 2173 545 2230 exhibet;
564 2177 624 2226 ita
638 2175 781 2224 homo
801 2168 1245 2235 Christumiiidutus,
1264 2174 1473 2225 nihilnisi
1493 2173 1727 2229 Christum

168 2254 372 2319 moribus
395 2255 485 2302 suis
505 2254 732 2316 exprimit.
1182 2273 1185 2275 “

238 2317 298 2378 Ῡ.
321 2326 404 2376 25.
424 2327 752 2393 Propter-quod
767 2327 1090 2391 deponentes.
1118 2325 1210 2375 duo
1233 2327 1483 2392 supradicta
1505 2329 1728 2392 generalia

176 2401 392 2449 doctrinae
415 2397 586 2449 Christi
625 2404 807 2468 capita
836 2403 1005 2453 scilicet
1033 2402 1092 2451 de
1119 2405 1287 2453 veteris
1310 2403 1509 2454 hominis
1535 2404 1730 2471 deposi-

177 2478 303 2527 tione
320 2511 335 2538 ,
357 2483 403 2526 et
418 2480 530 2525 novi
551 2475 752 2526 hominis
773 2479 1012 2529 indutione
1028 2516 1040 2538 ,
1058 2494 1180 2527 nunc
1193 2477 1416 2543 explicat
1405 2497 1450 2530 ιιι
1467 2481 1732 2545 particulari.

244 2553 320 2609 Ac
341 2559 490 2622 primo
509 2594 521 2618 ,
549 2556 684 2607 docet
699 2558 931 2624 quomodo
945 2559 1236 2608 membratim
1258 2565 1303 2607 et
1320 2575 1399 2623 per
1416 2568 1562 2622 partes
1581 2559 1736 2627 depo-

181 2634 359 2688 nendus
382 2637 442 2685 sit
461 2643 592 2691 vetus
617 2634 776 2688 homo,

249 2710 418 2778 Incipit
439 2718 464 2762 ὲ
488 2709 655 2778 lingua.

253 2790 483 2854 Deponite
501 2810 636 2842 omne
656 2789 951 2842 mendacium
967 2826 984 2852 ‚
1014 2792 1097 2841 sub
1123 2805 1214 2854 quo
1234 2796 1281 2839 ot
1302 2786 1507 2840 fraudem
1533 2805 1742 2858 compre-

188 2866 368 2925 hendit.
1378 2917 1384 2924 .
1720 2836 1770 2894 θ

425 2948 503 2990 w.
1553 2930 1586 2981 6
