1800 3158
0 0 53 78 ἔθ’
81 14 112 36 >a

0 76 35 138 g..
69 119 73 122 .
464 83 689 124 mamm:
724 81 1020 118 uenosi-1⁷10.
1062 64 1181 133 Cap.
1217 67 1288 118 ΙΙ.
1547 65 1647 119 233

4 148 10 218 s
155 159 216 214 Et
230 163 303 213 hae
325 159 840 229 gratian-*praevenientes
868 163 914 205 et
935 158 1187 206 excitantes
1204 192 1221 218 ,
1253 173 1335 206 seu
1360 158 1496 209 bonae
1513 161 1663 227 cogi-N

0 229 40 300 ’Ϊῖ
85 241 306 303 tationes,
327 258 408 291 seu
422 242 484 305 pii
508 236 694 287 affectus
716 244 761 286 et
780 243 931 285 motus
956 239 982 284 a
1005 232 1107 285 Deo
1125 271 1139 295 ,
1165 243 1269 285 sunt
1302 252 1389 301 pro
1412 234 1536 286 bend
1554 255 1648 287 vo·-

53 314 56 316 ’
84 324 262 372 lentate
275 319 393 377 ,ςιιάς
412 319 459 369 id
471 327 562 381 est,
579 319 714 383 gratis
734 317 923 366 omnino
939 316 1353 380 subministrantur,
1373 334 1461 367 nec
1480 316 1646 369 cadunt

86 400 172 447 sub
195 390 422 446 meritum.
1700 393 1704 403 ¹

150 471 360 524 Ainobis
381 482 530 523 autern
562 480 629 522 est
655 472 829 521 bonum
858 486 972 536 opus
991 505 1003 528 ,
1031 478 1186 519 nostra
1203 469 1345 528 saluS,
1384 477 1503 531 etc.,
1528 489 1645 537 qua-

82 562 213 603 tenus
256 555 394 618 gratia
424 549 516 600 Dei
539 567 634 599 non
662 547 861 599 excludit
903 549 1046 598 nostri
1066 547 1195 596 liberi
1232 546 1401 595 arbitrii
1421 565 1646 614 coopera-

83 635 256 682 tionem
277 669 291 691 ‚
314 634 405 680 imo
422 629 622 679 includit.

145 707 275 758 Licet
297 710 420 757 enim
439 704 564 756 Deus
585 707 779 771 primum
807 706 1002 768 cogitare
1019 741 1032 766 ,
1056 720 1135 752 seu
1155 705 1323 769 primas
1347 707 1508 768 gratias
1525 723 1643 770 prae-

78 788 316 835 venientes
326 792 370 834 et
385 786 635 834 excitantes
652 781 937 831 inintellecta
958 788 1002 830 et
1017 781 1250 830 voluntate
1271 785 1540 845 opereturin
1554 800 1643 833 no-

75 864 145 912 bis
165 869 262 914 sine
281 865 416 914 nobis
433 902 447 925 ‚
471 862 588 912 veile
606 869 758 911 tamen
772 898 786 924 ‚
810 877 889 910 seu
908 863 1163 910 consentire
1183 862 1333 925 gratiis
1348 865 1642 925 praevenien-

74 943 212 999 tibus,
232 943 413 990 nonnisi
432 942 671 990 nobiscum
690 946 899 1002 operatur
925 955 938 985 z
963 940 1077 987 sicut
1099 937 1318 1004 perficere
1334 973 1347 998 ,
1370 953 1452 986 seu
1466 939 1644 987 bonum

77 1035 198 1083 opus
218 1021 431 1084 exsequi,
457 1035 537 1082 per
559 1034 646 1066 nos
673 1023 899 1082 operatur.

141 1091 204 1143 Ut
242 1097 361 1143 enim
390 1095 512 1144 bene
550 1094 683 1143 docet
707 1090 768 1142 D.
794 1090 1082 1148 BernardUS‚
1117 1091 1233 1140 libro
1269 1091 1325 1139 de
1350 1088 1489 1154 gratia
1517 1101 1560 1143 et
1585 1093 1640 1142 li-

71 1171 184 1220 bero
210 1174 394 1221 arbitrio
414 1208 426 1231 ,
463 1173 547 1220 sub
577 1172 716 1220 finem
741 1189 752 1218 ε
783 1172 979 1234 cogitare
998 1204 1010 1225 ,
1046 1168 1164 1218 velle
1181 1204 1194 1227 ,
1236 1167 1486 1232 perficere,
1510 1167 1640 1220 Deus

72 1253 351 1316 operaturxin
378 1252 541 1298 nobis:
567 1251 761 1314 primum
782 1250 879 1297 sine
903 1247 1057 1305 nobis;
1085 1246 1335 1295 secundum
1358 1246 1597 1296 nobiscum
1621 1265 1634 1307 ;

70 1328 254 1374 tertium
278 1343 359 1391 per
373 1342 475 1374 nos.

134 1399 210 1452 Sic
237 1411 386 1452 autem
402 1405 485 1451 ista
513 1418 615 1451 cum
632 1401 775 1450 libero
792 1400 975 1449 arbitrio
993 1405 1203 1464 operatur
1221 1435 1232 1455 ‚
1252 1406 1299 1447 ut
1327 1403 1505 1449 tantum
1527 1399 1637 1450 illud·

0 1500 2 1504 ’
67 1481 112 1527 in
139 1482 286 1543 primo
311 1481 581 1543 praeveniat,
602 1479 648 1526 in
670 1480 842 1528 caeteris
860 1477 1100 1526 comitetur
1119 1475 1203 1524 :ad
1220 1474 1310 1525 hoc
1328 1479 1482 1543 utique
1507 1489 1633 1542 [πω-

66 1558 249 1620 veniat,
275 1569 323 1610 ut
339 1563 428 1624 jam
454 1561 541 1609 sibi
567 1559 786 1624 deinceps
808 1563 1094 1622 cooperetur.

132 1632 261 1685 Hinc
283 1634 510 1685 humiliter
531 1643 574 1684 et
598 1637 803 1699 gnaviter
818 1632 1025 1683 facienda
1048 1632 1165 1682 salus
1191 1642 1370 1684 nostra:
1398 1633 1630 1688 humiliter

15 1776 22 1780 .
64 1712 273 1773 quidem,
296 1715 395 1778 quia
416 1716 615 1778 primumi
637 1719 680 1761 et
707 1711 1010 1778 principaliter
1030 1713 1054 1758 a
1075 1708 1182 1760 Deo
1212 1729 1223 1759 ε
1259 1714 1466 1776 gnaviter
1484 1720 1594 1764 vert»
1611 1751 1623 1771 ,
1660 1730 1672 1737 Χ

63 1792 163 1852 quia
188 1794 326 1839 etiam
342 1795 367 1839 ὲ
380 1790 513 1839 nobis
532 1790 688 1840 sedulo
707 1790 1076 1856 cooperantibus.

129 1865 375 1917 Humiliter
393 1907 407 1930 ,
446 1872 629 1931 inquam
650 1905 662 1927 ,
693 1870 794 1934 quia
814 1873 838 1917 a
866 1866 958 1916 Dei
1001 1863 1123 1919 bona
1147 1865 1409 1929 voluntate,
1447 1876 1491 1918 et
1519 1869 1628 1934 pur&

0 1963 1 1966 ¹
61 1943 399 2006 misericordia,
430 1947 587 2007 primae
612 1946 765 2007 gratiae
790 1944 1124 2009 praevenientes
1169 1950 1212 1991 et
1240 1946 1488 1995 excitantes
1511 1966 1521 1994 :
1547 1949 1626 1997 di-

56 2019 245 2081 ligenter
277 2037 328 2069 ac
363 2019 521 2069 sedulo
540 2057 552 2081 ,
599 2021 700 2085 quia
725 2022 912 2069 nonnisi
947 2018 1186 2068 nobiscum
1222 2027 1266 2068 et
1294 2037 1375 2086 per
1397 2038 1482 2071 nos
1505 2039 1624 2089 ope-

56 2107 226 2149 rantur.

126 2169 349 2227 Cavenda
370 2178 522 2240 itaque
541 2175 690 2223 omnis
711 2175 948 2241 superbia,
977 2178 1219 2243 omnisque
1252 2181 1488 2244 segnities.

122 2249 189 2310 J?-
231 2254 307 2314 14.
335 2254 508 2301 Omnia
530 2260 684 2300 autem
693 2251 850 2313 facite
866 2256 967 2302 sine
993 2258 1442 2306 murmurationibus
1457 2267 1502 2306 et
1521 2258 1622 2308 11ae-

15 2327 18 2330 ⁴
52 2329 361 2376 sitcitiom‘hus.
391 2325 474 2377 Gr.
498 2328 928 2391 disceptationibus,
954 2347 1032 2380 seu
1052 2330 1263 2381 dissidiis.

123 2398 316 2453 Dixerat
336 2439 348 2463 ,
377 2399 429 2457 ᾗ.
455 2402 501 2452 3.
522 2403 570 2451 N
576 2405 664 2451 ihil
673 2421 759 2469 per
777 2409 1168 2458 contentionem...
1184 2408 1241 2465 ad
1257 2408 1350 2458 hoc
1369 2398 1631 2477 respiciens·⁴

51 2480 162 2529 dicit
187 2498 333 2541 nunc,
359 2489 435 2539 ut,
468 2482 679 2545 exemplo
703 2479 898 2545 Christi,
928 2488 1007 2551 qui
1028 2485 1151 2535 velut
1172 2502 1313 2550 agnus
1338 2486 1401 2536 ad·
1421 2498 1618 2540 mortem
1646 2488 1651 2493 ⁸

49 2554 209 2605 ductus
234 2565 332 2616 est,
360 2556 574 2606 obediant
600 2551 700 2608 sine
718 2564 1074 2611 murmuratione
1090 2598 1102 2622 ,
1131 2570 1174 2611 et
1196 2565 1515 2632 incunctanter
1531 2582 1618 2616 su-

48 2632 275 2692 periorem
295 2633 413 2692 jussa
444 2631 695 2696 perficiant.

120 2703 188 2768 Y.
219 2707 294 2756 15.
325 2709 387 2756 Ut
397 2710 497 2757 sitis
518 2707 616 2757 sine
631 2709 826 2774 quer-elci.
848 2709 933 2764 Gr.
950 2713 1270 2778 irreprehensi.
1287 2713 1390 2782 Syr.
1410 2717 1615 2781 perfecti·

55 2783 386 2835 Ambrosianus
408 2824 419 2847 ‚
450 2787 864 2852 irreprehensibiles
881 2828 896 2855 ,
924 2793 970 2843 id
998 2802 1064 2844 est
1085 2831 1098 2856 ‚
1120 2795 1232 2846 tates
1251 2798 1375 2857 sitis,
1400 2805 1450 2848 ut
1475 2810 1612 2848 nemo

44 2861 256 2916 devobis
280 2868 442 2933 merito
464 2868 587 2931 queri
606 2870 762 2931 possit.

182 2955 258 2991 lv.
1373 2967 1450 3000 ιο.
