1800 3158
184 54 285 89 220
571 51 837 89 EPISTOLAE
871 54 943 90 AD
978 55 1338 99 PHILIPPENSES

253 146 333 178 21.
354 122 564 176 Omnes
601 119 746 176 enim
769 144 885 200 quae
909 144 1005 181 sua
1042 140 1165 184 sunt
1203 144 1478 204 quaerunt,
1505 156 1616 198 non
1632 161 1751 214 quae

181 221 304 267 sunt
331 211 458 264 Jesu
489 206 701 264 Christi.

248 324 331 354 22.
354 296 796 366 Experimentum
815 311 991 356 autem
1021 303 1135 371 ejus
1162 307 1462 379 cognoscite
1480 352 1494 378 ‚
1521 298 1647 381 quia
1669 313 1746 372 si-

180 400 269 445 cut
290 385 430 459 patri
451 387 594 449 filius
612 429 626 455 ‚
651 407 862 445 mecum
888 389 1102 446 servivit
1134 391 1192 447 in
1226 395 1538 471 Evangelio.

243 545 325 596 23.
364 538 528 594 Hunc
566 536 728 610 igitur
751 557 906 606 spero
933 559 1018 594 me
1044 539 1252 597 mittere
1273 543 1342 598 ad
1366 564 1488 612 νοε,
1525 566 1651 603 mox
1685 560 1742 604 ut

173 627 356 684 videro
387 649 504 697 quae
537 624 675 681 circa
698 647 784 680 me
810 638 949 682 sunt.

239 781 323 845 2¹.
349 775 583 832 Confido
607 786 785 831 autem
804 775 859 830 in
882 775 1125 877 Domino
1149 780 1400 848 quoniam
1425 795 1477 837 et
1499 783 1613 853 ipse
1639 806 1734 840 ve·

169 867 316 922 niam
344 865 411 919 ad
438 884 531 919 vos
556 863 678 919 cito.

238 960 321 1011 25.
341 952 706 1010 Necessarium
730 963 907 1007 aulem
933 952 1231 1009 existimavi
1269 953 1725 1027 Epaphroditum,

165 1044 413 1109 fratrem,
458 1052 509 1096 et
533 1052 965 1109 cooperatorem,
994 1051 1046 1097 et
1070 1041 1491 1099 commilitonem
1517 1064 1695 1100 meum
1712 1087 1728 1113 ‚

162 1146 396 1191 vestrum
423 1143 600 1186 autem
625 1129 979 1197 Apostolum,
1003 1141 1053 1186 et
1076 1128 1377 1187 ministrum
1404 1134 1728 1190 necessitatis

159 1242 319 1290 meae,
345 1219 549 1275 mittere
570 1217 639 1274 ad
661 1238 779 1273 vos:

161 1404 167 1411 ,
230 1353 311 1406 26.
354 1339 620 1415 Quoniam
662 1345 877 1415 quidem
913 1366 1097 1402 omnes
1135 1367 1229 1402 vos
1272 1345 1636 1413 desiderabat,
1673 1358 1726 1402 et

157 1451 370 1499 moestus
413 1449 524 1492 erat
570 1447 852 1506 propterea
879 1435 1023 1504 quod
1048 1433 1330 1491 audieratis
1363 1433 1518 1490 illum
1558 1432 1716 1489 infir-

152 1541 373 1585 matum.

221 1640 303 1684 27.
325 1618 464 1670 Nam
489 1626 539 1669 et
581 1612 883 1667 infirmatus
919 1623 997 1667 est
1027 1632 1193 1680 usque
1232 1612 1300 1666 ad
1344 1622 1568 1666 mortem
1591 1609 1719 1681 :sed

151 1698 305 1754 Deus
329 1697 575 1754 misertus
595 1708 672 1752 est
687 1704 795 1763 ejus
809 1739 821 1763 ,
842 1716 951 1751 non
973 1696 1146 1751 solum
1164 1708 1341 1750 autem
1362 1696 1476 1762 eius
1491 1737 1504 1759 ,
1535 1701 1716 1751 verum

153 1786 312 1841 etiam
334 1798 385 1841 et
414 1786 553 1853 mei,
578 1806 645 1839 ne
669 1783 935 1839 iristitiam
973 1804 1133 1853 super
1153 1783 1421 1838 tristitiam
1448 1782 1718 1838 haberem.

219 1932 301 1983 28.
325 1925 678 1983 Festinantius
702 1947 825 1998 ergo
844 1925 963 1983 misi
982 1925 1135 1982 illum
1154 1970 1168 1996 ‚
1194 1937 1252 1982 ut
1269 1926 1383 1982 viso
1402 1945 1467 1981 eo
1485 1969 1496 1993 ,
1524 1915 1714 1982 iterum

99 2038 102 2040 ·
155 2014 423 2087 gaudeatis
443 2059 457 2083 ‚
485 2026 535 2069 et
556 2028 652 2088 ego
675 2013 788 2070 sine
815 2013 1026 2070 tristitia
1048 2012 1166 2070 sim.

219 2188 303 2236 29.
324 2160 566 2231 Excipite
585 2160 933 2231 itaqueillum
963 2161 1255 2217 cumomni
1291 2161 1483 2232 gaudio
1505 2161 1561 2216 in
1588 2161 1712 2218 Do-

149 2252 295 2308 mino
314 2296 327 2319 ‚
366 2264 420 2307 ct
457 2251 722 2320 ejusmodi
746 2272 869 2307 cum
893 2249 1097 2306 honore
1123 2247 1362 2305 habetote
1389 2272 1403 2303 ε
1604 2320 1606 2323 Ι

216 2337 297 2397 30.
326 2341 603 2413 Quoniam
641 2351 856 2408 propter
895 2360 1026 2408 opus
1052 2338 1250 2395 Christi
1276 2349 1442 2408 usque
1468 2337 1535 2392 ad
1561 2358 1712 2394 mor-

150 2441 255 2484 tem
289 2427 534 2492 accessit,
571 2427 782 2483 tradens
807 2426 1040 2483 animam
1081 2447 1231 2483 suam
1257 2471 1272 2495 ,
1302 2438 1361 2482 ut
1398 2425 1639 2496 impleret
1659 2424 1713 2482 id

151 2513 294 2583 quod
317 2533 382 2568 ex
403 2510 550 2569 vobis
568 2511 747 2568 decr-at
770 2531 891 2583 erga
911 2533 1093 2570 meum
1113 2510 1440 2582 obsequium.
