1800 3158
473 78 710 128 <ramur
742 82 1036 125 Exposrrro.
1079 67 1196 137 Cap.
1230 68 1279 122 1.
1517 81 1519 83 ’
1550 69 1667 122 ·3ι3

779 211 984 259 Tenue».

175 365 249 421 Te
271 362 597 421 homunculum
619 362 795 411 infinito
819 360 1105 410 sacratissimi
1129 355 1369 423 Sanguinis
1407 361 1474 409 sui
1496 351 1640 426 pretio

109 438 336 507 redemit,
341 450 405 492 ·te
432 449 595 507 tuaque
617 448 798 506 peccata
819 441 866 488 in
886 438 1104 502 sanguine
1131 436 1289 486 divino
1309 435 1431 487 lavit.

177 519 364 586 Cogita,
385 518 415 568 ὃ
436 518 528 570 Dei
549 520 766 594 sanguine
786 516 1051 580 redempte!
1080 518 1232 582 quanti
1249 514 1655 606 ‘R‘edemptorituo

106 599 283 658 valeas,
310 613 400 662 quo
421 604 468 648 te
487 588 678 648 redemit
704 597 881 660 pretio,
906 611 953 642 s
935 593 1078 643 ilicet
1104 595 1358 658 sanguiniS,
1383 596 1488 644 vitae
1513 604 1558 645 et
1574 595 1665 644 ho-

211 692 233 724 s
286 676 419 724 retio.

107 678 299 801 norlilgc
324 750 527 814 cogitans
557 756 601 798 et
628 763 910 812 agnoscens,
943 754 1071 796 tuum
1103 744 1476 811 Redemptorem
1503 746 1662 811 dilige,

111 827 442 886 redemptionis
468 827 653 890 gratiam
682 841 843 886 serva,
877 832 1112 888 peccatum
1135 822 1297 886 horre,
1335 821 1462 887 fuge,
1501 822 1662 875 detes-

119 915 231 955 tare.

178 981 264 1032 Vae
287 984 411 1032 enim
434 983 546 1041 tibi,
576 982 612 1029 si
640 983 841 1046 pretioso
876 977 982 1030 Filii
1015 977 1108 1030 Dei
1145 981 1364 1044 sanguine
1401 987 1662 1047 contempto

112 1070 157 1113 et
179 1064 304 1126 quasi
339 1061 532 1127 pedihus
559 1060 725 1109 calcato
746 1096 758 1119 ,
790 1061 848 1110 ad
873 1069 1056 1124 peccata
1076 1062 1159 1109 tibi
1182 1062 1368 1109 remissa
1388 1063 1600 1110 recurris!

179 1134 326 1187 Notat
359 1135 424 1186 D.
453 1133 808 1201 Chrysostomus
836 1135 959 1198 quod
996 1134 1058 1184 D.
1093 1133 1260 1192 Paulus
1289 1134 1455 1184 dixerit
1478 1131 1675 1182 ἀπολυ·

115 1228 296 1278 τρωσιν,
320 1214 567 1279 perfectam
589 1232 642 1263 ac
658 1213 838 1278 plenam
859 1211 1241 1277 redemptionem.
1264 1208 1341 1261 Ne
1356 1211 1545 1277 amplius
1561 1230 1669 1263 cor-

112 1307 309 1349 ruamus,
329 1305 479 1353 neque
503 1289 712 1338 mortales
738 1287 998 1337 efficiamur·

174 1354 260 1416 ‘Ex
279 1364 456 1414 eisdem
482 1366 688 1414 versibus
715 1366 840 1414 disce
864 1364 972 1429 quid
994 1365 1051 1413 sit
1075 1360 1350 1427 Baptismus,

178 1439 265 1491 Est
289 1443 499 1500 vocatio,
525 1440 708 1505 adoptio
737 1441 794 1490 ad
836 1448 1006 1490 sortem
1034 1447 1316 1503 sanctorum,
1342 1439 1400 1488 ad
1423 1448 1671 1504 aeternam,

112 1519 308 1579 scilicet,
335 1518 669 1568 beatitudiuem
698 1518 755 1569 ad
783 1535 916 1584 quam
942 1521 1010 1581 jus
1036 1517 1180 1567 datur.

179 1591 265 1644 Est
290 1594 514 1643 translatio
535 1598 559 1643 a
584 1597 785 1644 tenebris
809 1595 868 1643 ad
895 1594 1043 1644 lucem
1063 1630 1076 1654 ,
1103 1598 1128 1644 ὲ
1157 1597 1378 1644 servitute
1415 1598 1590 1660 peccati
1612 1598 1670 1647 ad

110 1674 365 1734 libertatem
399 1672 595 1723 filiorum
617 1672 742 1737 Dei,
778 1676 803 1723 a
826 1673 1063 1740 tyrannide
1104 1673 1368 1724 daemonum
1391 1674 1448 1724 ad
1483 1693 1673 1741 regnum

116 1760 335 1802 aeternum
361 1745 553 1800 Christi.

181 1823 267 1876 Est
293 1828 498 1875 remissio
520 1832 810 1890 peccatorum
827 1862 841 1886 ,
870 1827 1035 1875 animae
1069 1825 1180 1876 lotio
1197 1863 1210 1887 ,
1244 1844 1325 1877 seu
1352 1830 1599 1893 purificatio
1622 1834 1670 1882 in

114 1906 312 1968 pretioso
340 1900 445 1952 Filii
471 1901 560 1952 Dei
584 1904 818 1964 sanguine·

186 1986 325 2036 Hanc
345 1995 467 2037 tuam
493 1987 788 2052 adoptionem
806 2025 821 2050 ,
848 1987 1183 2038 translationem
1201 2026 1213 2050 ,
1241 1989 1364 2043 hunc
1399 1997 1630 2046 transitum
1649 2034 1661 2058 ‚

113 2065 206 2116 hoc
227 2065 391 2132 pascha
405 2102 420 2127 ,
446 2083 548 2115 cum
570 2066 708 2130 jubilo
733 2065 906 2115 celebra
926 2067 1110 2131 singulis
1128 2071 1281 2131 aunis,
1300 2076 1460 2138 quovis
1479 2092 1637 2126 mense
1654 2115 1669 2139 ‚

113 2145 237 2204 imo,
264 2144 301 2191 si
322 2142 420 2191 fieri
449 2150 623 2206 potest,
662 2143 862 2208 quotidie
904 2151 948 2193 et
987 2147 1230 2210 continue,
1261 2145 1414 2201 Deum
1446 2152 1628 2204 laudans
1648 2191 1661 2215 ,

112 2224 221 2279 Deo
243 2230 404 2293 gratias
428 2246 582 2293 agens.

181 2305 497 2358 Hanc‘animae
515 2316 605 2358 tuae
621 2310 837 2360 lotione-u
858 2348 872 2375 ,
897 2313 1296 2365 sanctificationem
1313 2351 1328 2379 ,
1357 2323 1668 2370 consecratio-

114 2398 252 2444 nem,
277 2399 586 2447 recognosce;
631 2388 691 2435 ob
719 2402 821 2436 eam
860 2386 1016 2438 Deum
1043 2388 1210 2453 adora,
1242 2389 1401 2455 lauda,
1432 2396 1668 2446 continuas

114 2458 222 2511 Deo
244 2462 403 2526 gratias
431 2478 530 2525 age.

183 2537 253 2603 Ϋ.
278 2541 355 2592 15.
390 2541 489 2608 Qui
503 2552 570 2592 es:
591 2544 712 2606 imag
718 2562 746 2592 ο
772 2544 842 2594 De
822 2563 858 2591 ι
855 2545 1038 2596 “moisib
1059 2550 1132 2598 lr's.

181 2625 317 2679 Patet
334 2646 393 2680 ex
412 2625 547 2707 Grae
543 2648 579 2680 o
603 2649 655 2698 ῳ
664 2630 759 2680 od
742 2633 848 2681 mai
838 2633 983 2683 ibilis
999 2637 1086 2685 sit
1075 2653 1122 2686 n
1142 2653 1198 2702 ge
1208 2638 1308 2686 ]itix
1315 2653 1344 2686 o
1363 2639 1546 2705 ,sitque
1566 2658 1609 2708 el
1623 2644 1664 2696 ἱ-

98 2705 293 2764 aethetum
317 2707 421 2756 Dei.

185 2795 272 2848 Est
293 2816 399 2865 ergo
425 2819 616 2852 sessus·
640 2801 733 2866 Qui
762 2798 903 2855 Filius
929 2814 997 2857 est
1025 2803 1118 2857 Dei
1135 2804 1283 2859 Patris
1311 2809 1476 2876 (quem
1505 2813 1662 2864 null-cs

120 2876 362 2925 hominum
385 2878 505 2928 νίΙιί
527 2899 609 2930 nec
631 2880 702 2932 vi
700 2880 784 2937 ’ere
809 2888 982 2948 potest,
1019 2884 1173 2949 prirnsse
1197 2882 1273 2935 Γ
1248 2904 1324 2938 in
1360 2886 1408 2938 6.
1428 2886 1605 2955 )ima5
1592 2910 1662 2958 ’,ο

359 2957 427 2997 lv.
1168 2994 1184 3008 2
1485 2955 1548 3016 14
