1806 3164
173 68 250 119 ιδ.
641 82 901 122 Ems'norss
924 86 998 125 Au
1031 85 1273 127 amamus

165 174 278 208 nem
295 195 310 219 ,
334 157 413 207 dat
433 159 594 223 gratias
609 158 753 207 nobis.
766 146 1068 224 necessarias,
1089 170 1139 212 ut
1154 165 1295 214 simus
1312 170 1484 226 sanem
1508 170 1592 223 sed
1606 190 1738 231 sem·-

166 253 252 302 per
271 238 489 313 supponit
511 244 716 286 nostram
734 236 924 287 liberam
948 242 1104 304 grat-iae
1129 247 1520 307 cooperationem.

498 400 687 437 'ferma
717 381 1041 438 onsssnvivrto
1073 404 1402 456 mammos.

241 529 395 595 Elegit
416 549 502 580 nos
521 540 573 580 ut
591 550 792 581 essemus
813 535 1015 584 sancti...
1037 532 1389 599 pradestinavit
1409 558 1493 590 nos
1519 534 1568 592 ἰὴ
1589 533 1738 611 adop-¹

172 611 346 658 tionem
353 607 592 673 filiorum.
620 602 749 660 Ecce
771 614 861 677 quo
883 612 1028 661 tendit
1048 620 1094 662 et
1120 614 1282 664 electio
1307 625 1352 666 et
1370 609 1750 688 praedes'tinatios
1795 621 1797 624 ’

173 687 233 737 de
254 684 341 753 qua
362 685 439 736 hic
458 691 547 752 agit
573 684 635 736 D.
659 684 826 737 Paulus
845 708 855 746 ;
885 706 965 739 seu
984 689 1085 739 finis
1105 694 1338 754 proximus
1362 693 1594 746 electionis
1617 679 1739 748 nos-

171 772 252 814 trae
276 781 288 812 :
310 773 497 830 utraque
517 765 661 814 tendit
691 766 747 814 ad
771 768 1057 816 sanctitatem
1072 806 1086 832 ,
1112 768 1170 818 ad
1194 768 1493 837 filiationem,
1522 789 1609 838 per-
1626 791 1740 840 gra-

171 844 310 901 tiam3
344 845 500 892 neutra
523 842 579 891 ad
602 842 787 907 gloriam
808 843 1088 895 immediate.
1693 849 1697 852 ’

243 918 355 971 Hoc
378 939 436 972 ex
461 924 664 986 ipsismet
690 917 905 986 Apostoli
933 923 1085 972 verbis
1109 931 1250 987 patet.
1733 973 1739 976 .

242 997 355 1050 Hoc
378 1003 511 1050 etiam
536 1006 658 1065 patet
681 1016 740 1048 ex
765 998 970 1065 epistplae
992 1002 1320 1064 inscriptione,
1344 1017 1448 1065 quae
1475 1009 1544 1052 est
1572 992 1742 1055 sanctis

130 1108 132 1110 v
176 1084 223 1126 et
245 1076 478 1135 fidelibus;
505 1093 601 1125 non
627 1081 738 1126 vero
764 1076 821 1125 ad
846 1076 1033 1141 gloriam
1058 1076 1230 1127 electis.

244 1153 355 1206 Hoc
377 1156 574 1220 denique
599 1162 719 1222 patet
754 1173 814 1206 ex
847 1164 943 1206 toto
975 1155 1181 1220 epistolae
1210 1165 1457 1222 contextu,
1486 1160 1533 1208 in
1561 1155 1648 1225 qua
1677 1144 1742 1210 Π.

174 1230 343 1283 Paulus
369 1231 601 1298 Ephesios
622 1240 757 1283 vocat
780 1226 950 1283 electos
973 1241 1016 1283 et
1039 1233 1404 1300 praedestinatOS.

246 1309 362 1374 Quis
387 1320 538 1361 autem
562 1319 732 1361 asserat
759 1329 817 1361 ex
853 1307 1066 1375 Ephesiis
1089 1310 1257 1360 nullum
1280 1311 1418 1362 fuisse
1446 1311 1744 1366 damnatum?

98 1436 100 1439 ,
179 1391 278 1454 quis
315 1398 441 1456 putet
480 1389 601 1455 quod
635 1386 885 1454 Apostolus
911 1405 1072 1438 omnes
1101 1385 1334 1454 Ephesios
1357 1389 1551 1440 voluerit
1581 1390 1639 1440 de
1667 1390 1746 1440 sua

176 1466 542 1531 perseverantia,
583 1474 627 1515 et
660 1474 993 1532 consequenter
1026 1466 1084 1515 de
1117 1466 1196 1515 suti
1217 1466 1386 1528 salute,
1417 1474 1564 1516 certos
1596 1475 1640 1518 et
1664 1455 1748 1518 se·->

181 1535 315 1594 curos
346 1545 539 1595 reddere
558 1582 570 1606 ,
608 1561 858 1610 eorumque
889 1542 1080 1594 suturam
1114 1545 1301 1609 gloriam
1326 1532 1748 1611 ornnibus'publice

179 1613 421 1673 revelare?

249 1698 410 1765 Itaque
444 1695 506 1749 D.
535 1695 704 1748 Paulus
729 1697 808 1747 hic
831 1715 926 1747 non
957 1700 1045 1763 agit
1074 1697 1132 1747 de
1160 1699 1487 1763 quaestionibus
1515 1700 1563 1748 in
1594 1697 1749 1749 schola

181 1800 304 1832 nunc
323 1783 527 1846 agitatis:
557 1781 615 1831 de
644 1783 696 1829 iis
721 1788 828 1829 tunc
851 1798 911 1829 ne.
939 1781 1215 1845 cogitabatur
1240 1781 1441 1845 quidem.

251 1856 345 1927 Sed
369 1860 457 1922 agit
480 1857 538 1906 de
559 1855 698 1921 gratia
716 1856 975 1918 electionis,
1003 1857 1412 1921 praedestinationis
1428 1894 1441 1920 ‚
1469 1865 1515 1906 et
1540 1859 1751 1906 vocatio-

183 1941 255 1995 nis
276 1938 333 1987 ad
354 1940 566 2003 gratiam,
596 1937 653 1986 ad
681 1938 964 1985 sanctitatem
982 1974 994 1996 ,
1023 1935 1081 1984 ad
1106 1936 1502 1985 christianismum.

253 2013 317 2066 Et
336 2014 426 2064 hoc
452 2031 620 2064 moneo
639 2052 653 2076 ,
679 2015 782 2081 quia
808 2013 945 2062 video
969 2013 1207 2079 plerosque
1237 2012 1514 2063 scholasticis
1540 2012 1752 2077 disputa-

184 2095 386 2144 tionibus
420 2099 681 2157 praeventos
701 2127 714 2151 ,
752 2092 901 2140 statim
934 2107 987 2139 ac
1017 2090 1252 2140 electionis
1281 2098 1414 2155 atque
1447 2089 1754 2155 praedestina-

182 2178 321 2226 tionis
366 2175 555 2223 nomina
590 2171 776 2236 legunt,
818 2188 879 2220 ea⁴
904 2174 995 2220 suis
1027 2171 1141 2221 ideis
1172 2171 1409 2235 adaptare3
1444 2178 1489 2219 et
1517 2179 1782 2235 propterea·

184 2251 462 2317 Scripturam
489 2259 717 2315 torquere.

254 2329 332 2381 Ne
366 2330 451 2380 tale
485 2330 594 2394 quid
630 2329 714 2379 tibi
755 2331 983 2395 contingat
1004 2365 1017 2389 ,
1044 2331 1069 2376 a
1097 2329 1398 2392 praesentibus
1429 2311 1756 2391 quaestionibiis

189 2407 428 2466 abstrahe3
461 2408 518 2456 ad
540 2424 620 2468 ea,
647 2406 704 2456 de
733 2408 898 2471 quibus
928 2413 1035 2455 tuuc
1061 2407 1303 2468 agebatur,
1328 2404 1531 2454 adverte.
1718 2405 1725 2412 ’

261 2484 368 2536 Scio
390 2486 603 2551 equidem
626 2493 670 2533 ct
691 2483 836 2533 fateor
855 2483 977 2550 quod
1004 2479 1060 2532 D.
1083 2480 1249 2532 Paulus
1267 2519 1279 2543 ,
1300 2501 1437 2549 agens
1460 2483 1519 2532 de
1537 2481 1760 2532 electione
1787 2515 1793 2526 ·

194 2576 239 2618 et
262 2566 669 2631 praedestinatione
693 2564 749 2613 ad
770 2567 973 2628 gratiam,
999 2570 1330 2627 consequenter
1347 2564 1436 2626 agit
1457 2561 1515 2609 de
1537 2560 1761 2610 electione

194 2654 241 2696 et
274 2645 674 2710 praedestinatione
711 2642 767 2691 ad
807 2643 1027 2708 gloriam,
1069 2649 1289 2705 quatenus
1331 2657 1445 2705 quos
1481 2641 1538 2689 ad
1574 2641 1782 2703 gratiam⁴

194 2720 511 2773 christianismi
535 2722 827 2787 praedestinat
846 2727 891 2769 et
915 2728 1047 2770 vocat
1073 2716 1199 2769 Deus
1218 2757 1234 2783 ,
1262 2737 1356 2769 non
1381 2718 1516 2767 aliurn
1539 2718 1598 2767 ad
1618 2717 1762 2768 finem

198 2800 390 2850 destinat
411 2837 424 2861 ‚
449 2802 584 2863 quarn
612 2796 669 2847 acl
691 2796 916 2861 gloriam&
1800 2845 1803 2847 ,

264 2873 526 2927 Sed1etiam
567 2877 663 2926 scio
702 2875 829 2941 quod
863 2891 958 2925 non
996 2882 1062 2925 est
1096 2891 1286 2925 necesse
1323 2884 1577 2946 utrumque:
1600 2873 1766 2926 eodem
