1800 3158
0 0 187 10 ——ssv

451 106 680 145 rmum:
710 106 1004 144 Exposrrro.
1043 86 1161 156 Cap.
1183 91 1289 143 ΙΙΙ.
1544 90 1645 146 363
1691 98 1695 100 ’

146 182 359 237 Terrena
381 185 617 250 spernite,
647 184 755 247 quia
782 198 866 247 per
899 178 1188 247 Baptismum
1212 181 1295 231 illis
1322 179 1646 235 renuntiastis:

81 257 267 312 Christo
290 264 414 311 enim
436 266 616 308 mortuo
639 265 686 307 et
717 256 893 323 sepulto
921 259 1044 306 insiti
1071 264 1116 306 et
1149 257 1431 321 consepulti,
1456 261 1646 310 terrenis

82 356 188 390 cum
212 335 396 390 Christo
421 338 587 388 mortui
606 337 733 386 estis.

153 417 332 472 Coetum
363 427 408 469 et
444 418 640 468 coelestia
678 415 877 480 diligite,
911 417 1014 482 quia
1053 433 1134 481 per
1166 410 1457 482 Baptismum
1479 412 1651 468 Christi

42 485 45 489 ¹
81 497 423 569 resurrectionis
448 497 686 561 participes
709 493 811 542 facti
850 495 984 551 estis;
1015 493 1093 542 filii
1126 490 1245 552 Dei,
1286 491 1491 544 haeredes
1519 497 1651 561 regni

82 575 281 626 coelestis
316 573 502 637 effecti,
545 573 640 623 vita
679 574 834 622 vivitis
870 573 1052 636 gratiae,
1092 574 1161 636 jus
1196 570 1377 621 habetis
1409 572 1469 622 ad
1505 576 1648 624 vitam

81 652 254 718 gloriae.

152 731 218 779 Et
239 732 342 780 vita
361 737 516 779 restra
531 728 860 777 abscondita...
899 726 946 776 id
973 734 1042 776 est
1063 762 1076 785 ‚

150 801 346 866 Fateor,
368 802 468 854 haec
488 805 579 853 vita
603 806 756 868 gratiae
775 801 862 869 qua
884 804 1037 852 vivitis
1056 803 1243 851 inieritis
1259 839 1273 866 ‚
1297 802 1400 853 haec
1426 806 1517 854 vita
1541 805 1646 871 glo-

82 886 162 937 riae
193 883 282 951 qua
314 886 482 934 vivetis
515 886 560 932 in
587 892 839 943 aeternum,
868 899 989 931 nunc
1023 881 1210 947 quidem
1232 883 1472 933 invisibilis
1499 894 1568 935 est
1601 893 1650 936 et

83 963 348 1014 hominibus
370 963 523 1026 ignota
547 979 557 1010 :
577 963 623 1010 in
645 963 745 1011 sinu
768 959 860 1011 Dei
895 979 999 1009 cum
1027 959 1213 1008 Christo
1235 961 1511 1010 abscondita
1529 972 1615 1013 est.

152 1039 282 1091 Illam
309 1047 477 1089 norunt
506 1037 705 1103 Angeli‚
734 1040 839 1090 ideo
874 1041 1122 1104 suspiciunt
1150 1057 1280 1102 eam,
1306 1048 1351 1088 et
1381 1041 1516 1091 vobiS
1544 1060 1648 1094 cum

87 1117 392 1168 veneratione
415 1117 690 1166 ministrant.

154 1190 280 1243 Illam
319 1195 526 1257 ignorant
563 1191 776 1242 homines
814 1192 1064 1250 mundani;
1107 1193 1306 1257 hincque
1339 1194 1645 1262 despiciunt·

85 1274 298 1323 Mundus
316 1291 413 1321 non
433 1276 560 1321 novit
578 1291 691 1332 nos,
725 1274 885 1337 primae
912 1270 1050 1322 Joan
1071 1272 1117 1324 3.
1144 1272 1211 1337 fi.
1243 1292 1286 1324 1.

153 1349 220 1416 fi.
245 1351 293 1412 [4.
325 1348 447 1400 Ciam
472 1350 685 1401 Chrestus
706 1354 1021 1416 apparuerit..

156 1425 414 1494 Apparebit
435 1437 586 1478 autem
610 1428 823 1477 omnibus
840 1466 853 1491 ‚
879 1428 1119 1493 aliquando
1139 1431 1371 1478 nimirum.

155 1507 272 1554 Citm
295 1506 504 1556 Christus
523 1539 537 1561 ,
561 1508 669 1556 vita
692 1513 846 1555 veste-a
862 1540 877 1562 ,
906 1504 953 1554 id
974 1514 1065 1566 est,
1092 1507 1202 1555 vitae
1232 1511 1421 1564 vestrae,
1449 1513 1544 1556 tum
1564 1524 1649 1574 per

82 1585 272 1649 gratiam
290 1619 303 1645 ‚
328 1590 429 1632 tum
446 1581 685 1647 aliquando
706 1599 788 1647 per
804 1581 1020 1646 gloriam,
1047 1599 1177 1632 causa
1198 1581 1400 1631 efficiens
1418 1619 1432 1644 ‚
1459 1588 1649 1648 merito-

55 1721 58 1723 ,
84 1664 171 1722 ria,
195 1660 466 1726 exemplaris
489 1668 534 1709 et
556 1659 727 1718 finalis;
747 1706 749 1711 Α
767 1663 896 1719 etim,
926 1661 1140 1725 inquam,
1181 1657 1388 1710 Christus
1423 1663 1646 1715 mundum

84 1739 357 1804 judicaturus
373 1776 388 1802 ‚

154 1815 435 1886 Apparuerit
456 1819 502 1866 in
525 1812 665 1882 gloria
687 1834 697 1864 ε
719 1824 829 1866 tunc
865 1824 911 1865 et
947 1832 1046 1864 vos.
1067 1813 1267 1879 perfecte
1303 1819 1558 1880 regenerati
1593 1835 1646 1870 ac

83 1901 361 1959 resuscitati,
384 1914 487 1947 cum
507 1898 607 1960 ipso
628 1895 843 1960 parebitis
875 1894 1089 1959 gloriosi,
1117 1890 1301 1944 Christo
1322 1904 1536 1961 tanquam
1552 1895 1645 1948 fra-

85 1976 142 2025 tri
160 1984 314 2026 vestro
347 1971 639 2031 conformes,
664 1968 859 2036 Dooque
896 1972 1008 2036 patri
1030 1978 1183 2021 vestro
1202 1972 1391 2023 similes.

153 2053 339 2102 Scimus
352 2052 571 2118 quoniam
587 2051 691 2098 cicm
706 2050 992 2114 apparuerit,
1005 2049 1232 2098 similesei
1238 2051 1426 2113 erimus,
1451 2070 1470 2102 1
1482 2089 1495 2104 .
1509 2049 1646 2105 Joan.

85 2146 184 2197 cap.
208 2126 257 2181 3.

464 2303 467 2304 ’
499 2289 925 2326 OBSERVATIONES
960 2288 1217 2327 MORAIAES.

0 2499 1 2502 Ἴ
153 2438 345 2491 Talibus
379 2435 733 2489 colossensium
757 2448 934 2492 mentes
968 2450 1016 2493 et
1040 2441 1196 2495 corda
1204 2460 1383 2494 sursum
1420 2443 1647 2498 attollebat

86 2516 354 2586 Apostolus
680 2527 687 2537 “’

155 2593 283 2648 Hinc
311 2593 485 2644 divinae
509 2594 665 2657 gratiae
692 2590 778 2659 qua
801 2596 1093 2659 potiebantur
1123 2595 1390 2662 dignitatem
1410 2606 1458 2647 et
1480 2600 1647 2651 excel-

82 2672 271 2723 lentiam
295 2670 381 2720 illis
402 2668 684 2730 exhibebat,
711 2678 760 2720 ut
779 2670 838 2720 ad
857 2673 998 2722 vitam
1022 2670 1130 2725 Deo
1153 2673 1338 2738 dignam
1360 2677 1598 2729 excitaret.

152 2745 283 2797 Illinc
302 2746 474 2796 divinae
494 2745 651 2810 gloriae
677 2746 765 2812 qua
789 2749 836 2798 in
858 2753 1115 2802 aeternitate
1135 2750 1308 2804 fruituri
1330 2761 1456 2805 erant
1472 2755 1645 2808 clar-ita-

84 2832 180 2875 tem
205 2822 286 2873 illis
307 2821 706 2887 praeostendebat,
727 2831 775 2874 ut
791 2824 906 2876 illius
926 2844 1007 2894 spe
1028 2836 1291 2882 constantes
1311 2841 1464 2884 essent
1485 2833 1534 2884 in
1551 2833 1648 2884 ad-

87 2902 232 2954 versis
251 2908 298 2951 et
323 2902 369 2949 in
391 2898 462 2950 sui
480 2898 852 2955 mortificatione.
