1806 3164
307 23 328 38 ἡ

485 68 705 123 Μξῃεκ
737 66 1022 105 Exposrno.
1058 51 1176 117 Cap.
1208 47 1325 106 JV..
1579 67 1678 121 ..¹¹9

117 143 404 214 voluptatum
418 141 686 211 ¹aviditatem
707 178 720 202 ‚
743 157 823 191 seu
839 176 854 204 ‚
879 148 927 190 ut
945 142 1006 189 ait
1023 137 1087 190 D.
1110 137 1356 207 Anselmus
1373 176 1387 201 ,
1407 139 1676 189 insatiabili-

26 219 28 222 ’
75 265 78 268 «
119 231 284 282 tatem;
310 224 544 289 quiaesicut
562 237 720 271 avarus
736 236 970 285 nunquam
992 220 1175 284 reputat
1194 233 1242 265 se
1261 220 1367 267 satis
1389 216 1561 268 habere
1580 236 1598 277 3
1616 220 1674 267 ita

120 316 354 367 nunquam
375 301 448 349 isti
470 300 743 363 perveniunt
769 295 825 345 ad
848 295 1153 345 fornicationis
1173 297 1466 344 saturitatem.

185 371 264 425 Ex
286 371 374 424 hac
403 375 630 424 sceleratae
659 375 764 422 vitae
786 370 952 437 pictura
973 408 988 435 ‚
1020 370 1142 420 disce
1175 372 1297 435 quod
1331 388 1390 420 ex
1423 369 1674 426 intellectus

119 445 375 513 ignorantia
408 451 547 497 oritur
570 447 717 497 cordis
744 449 968 511 corruptio
994 465 1005 494 :
1037 462 1097 495 ex
1124 446 1272 495 cordis
1303 449 1594 509 corruptione
1625 446 1676 496 fit

120 525 266 587 major
287 524 630 582 obtenebratio;
653 541 710 573 ex
730 522 936 589 utraque,
957 522 1003 572 id
1024 530 1118 583 est,
1145 541 1201 572 ex
1222 522 1369 571 cordis
1387 524 1675 586 corruptione

123 607 169 648 et
193 599 445 650 intellectus
467 601 844 650 obtenebratione
862 639 874 659 ,
908 601 958 648 fit
990 599 1299 656 consuetudo;
1327 616 1388 648 ex
1424 608 1675 648 consuetu—

124 674 230 726 dine
252 679 444 726 nascitur
464 676 744 742 impudentia
769 685 813 725 et
836 676 1082 726 indolentia
1098 713 1111 737 ‚
1141 694 1228 726 nec
1250 675 1420 740 pudet,
1444 692 1531 724 nec
1554 674 1679 725 dolet

49 772 57 775 s
125 751 182 801 de
205 759 406 816 peccato.
443 749 571 800 Hinc
595 751 766 813 homo,
795 756 919 818 quasi
942 755 1122 803 brutum
1138 791 1151 815 ‚
1179 755 1226 802 in
1249 754 1401 802 onmia
1424 754 1676 816 turpissima

125 834 171 877 et
191 826 491 877 abominanda
507 830 592 877 ruit
616 844 834 894 praecepS.
887 875 890 877 ,

192 901 303 954 Hoc
324 904 382 953 de
407 901 663 954 Gentilibus
687 914 831 955 narrat
855 905 930 955 hic
957 903 1202 971 Apostolus
1223 926 1233 954 ε
1257 906 1339 955 sed
1359 905 1476 955 heu!
1501 909 1545 956 in
1566 917 1674 973 quot

127 989 172 1030 et
198 989 306 1045 quot
332 977 596 1030 Christianis
609 980 706 1030 (hoc
725 983 846 1032 idem
872 983 1093 1032 vidimus!
1127 981 1248 1045 Quia
1277 981 1435 1032 sensfis
1452 985 1520 1032 sui
1540 988 1664 1034 vani-

125 1065 266 1107 tatem
281 1059 421 1106 secuti
435 1066 552 1119 sunt,
564 1060 851 1110 obtenebrati
865 1059 1042 1109 fuerunt
1056 1059 1302 1120 intellectu,
1320 1061 1520 1108 alienati
1532 1063 1562 1107 ὰ
1577 1062 1677 1109 vitri

128 1138 220 1188 Dei
245 1159 263 1186 .-
305 1138 490 1187 demum
530 1140 819 1204 desperantes
873 1149 918 1189 et
973 1141 1257 1199 dedolentcs,
1300 1143 1348 1189 in
1378 1142 1679 1205 quorumlibet

126 1217 340 1266 vitiorum
360 1216 619 1266 barathrum
644 1221 894 1283 praecipites
916 1227 1116 1269 ruerunt.

195 1289 323 1341 Cave
347 1294 454 1355 ergo
489 1297 514 1340 a
546 1298 742 1344 vanitate
767 1294 926 1345 sensus
943 1333 958 1359 ‚
985 1300 1010 1346 a
1035 1312 1247 1344 sensuum
1280 1295 1576 1361 impressione
1596 1332 1608 1356 ‚
1650 1299 1674 1342 ἐι

127 1371 428 1436 passionibus.

194 1444 359 1497 Fidem
378 1448 511 1510 audi,
534 1449 671 1499 obedi
696 1447 824 1511 Deo,
843 1448 1142 1516 Evangelium
1164 1468 1371 1517 sequere.

195 1522 262 1587 yffi.
286 1543 366 1574 20.
394 1520 493 1574 Vos
511 1535 667 1575 aulem
695 1546 785 1576 non
811 1532 878 1576 ita
910 1530 1186 1580 didicistis...
1210 1529 1326 1588 hoc,
1354 1530 1562 1578 luxuriari
1582 1531 1676 1578 sci-

127 1602 232 1651 lieet
261 1608 305 1649 et
327 1609 374 1649 ut
393 1601 520 1650 bruta
540 1606 790 1667 corrumpi,
819 1621 912 1653 non
944 1604 1158 1655 didicistis
1184 1608 1231 1654 in
1251 1605 1404 1655 schola
1426 1602 1610 1654 Christi.

196 1675 320 1738 Seu,
349 1686 395 1727 ut
427 1681 488 1728 ait
522 1677 874 1743 Theodoretus‚
911 1683 1007 1731 talis
1041 1692 1109 1733 est.
1144 1683 1327 1748 quidem
1355 1683 1558 1732 doctrina
1581 1685 1674 1731 im-

131 1757 329 1822 pietatis3
362 1750 536 1805 Christi
570 1752 686 1806 vero
701 1757 931 1823 disciplina
957 1768 1025 1808 est
1050 1763 1238 1809 omnino
1273 1761 1516 1821 contraria,
1542 1759 1675 1807 docet

129 1834 255 1882 enim
277 1833 495 1895 deponere
521 1851 602 1881 vos
629 1842 821 1897 'veterem
847 1835 1130 1885 hominem...

198 1899 256 1957 Ϋ.
282 1926 364 1955 21.
386 1909 442 1955 Si
459 1917 614 1955 tamen
649 1911 778 1957 illum
811 1908 1074 1961 audistis....
1109 1909 1163 1959 In
1185 1911 1438 1975 paraphrasi
1462 1928 1678 1960 commu-

132 1984 308 2032 niorem
322 1991 499 2031 secutus
518 2000 617 2031 sum
632 1987 893 2046 opinionem
912 2023 925 2048 ,
944 2003 1045 2052 quae
1065 1987 1157 2036 vult
1177 1988 1241 2045 si,
1266 1986 1526 2037 affirmantis
1548 2006 1646 2038 esse
1662 2025 1674 2047 ,

130 2076 227 2110 non
250 2060 492 2109 dubitantis
524 2052 654 2124 εἴγε,
679 2062 920 2126 siquidem.

197 2135 330 2189 Mutii
354 2146 507 2187 tamen
530 2137 687 2186 volunt
710 2156 810 2188 esse
832 2139 1075 2190 dubitantis
1091 2177 1103 2199 ‚
1145 2139 1233 2189 hoc
1261 2158 1392 2190 sensu
1419 2161 1429 2189 :
1455 2143 1501 2191 si
1520 2151 1675 2191 tamen

131 2212 433 2281 Evangelium
461 2215 769 2276 intellexistis,
814 2225 856 2266 et
883 2215 1050 2268 Christi
1076 2218 1324 2267 doctrinam
1363 2225 1498 2282 vere,
1540 2222 1678 2286 qualis

134 2301 202 2343 est
226 2295 274 2342 in
296 2309 345 2341 se
371 2300 415 2341 et
435 2295 460 2340 a
489 2287 521 2340 J
526 2309 602 2341 esu
633 2289 814 2343 Christo
843 2294 1108 2357 praedicata,
1135 2295 1287 2342 edocti
1301 2298 1423 2344 estis.
1706 2348 1709 2351 ,

203 2367 403 2434 Hocque
417 2406 431 2430 ‚
454 2372 553 2418 sive
572 2378 617 2419 ut
635 2379 795 2420 terreat
810 2368 1040 2437 Ephesios
1055 2409 1070 2434 ,
1097 2376 1208 2429 sicut
1225 2382 1329 2437 post
1349 2372 1679 2425 OEcumenium

136 2451 262 2511 putat
286 2441 466 2505 EstiuS‚
487 2447 583 2494 sive
608 2448 708 2510 quia
732 2455 832 2512 post
855 2465 1084 2512 egressum
1107 2447 1171 2498 D.
1194 2446 1321 2499 Pauli
1341 2487 1353 2511 ‚
1382 2450 1563 2514 quidam
1593 2453 1676 2501 suli

133 2523 332 2648 nomina
336 2518 572 2586 Evangelii
587 2560 601 2586 ,
628 2523 860 2587 profanam
883 2522 1056 2590 Ephesi
1075 2525 1306 2576 docuerint
1328 2527 1577 2576 libertatem
1593 2564 1607 2588 ,
1631 2536 1678 2576 ut.

133 2606 257 2662 putat
338 2599 493 2647 rotius.

200 2670 264 2733 Ϊ.
294 2694 374 2724 22.
402 2676 634 2739 Deponere
655 2693 737 2725 vos
753 2677 999 2725 secundnm
1017 2679 1322 2741 pristinam...

201 2746 408 2813 Explicat
437 2768 538 2815 quae
574 2754 630 2800 sit
668 2752 870 2802 doctrina
904 2750 1104 2815 Christi,
1138 2773 1217 2804 seu
1250 2756 1358 2819 quid
1397 2755 1452 2803 ab
1494 2755 1681 2812 homine,

136 2824 376 2875 christiano
400 2823 573 2891 exigam
598 2828 765 2878 scilicet
783 2865 796 2891 ‚
820 2838 868 2879 ut
889 2831 1085 2898 deponat
1110 2834 1344 2897 pristinam
1360 2831 1545 2881 vivendi
1564 2849 1683 2881 con-
