1800 3158
424 83 647 123 *rmum
678 82 963 121 Exmsxno.
997 66 1117 133 Cap.
1150 63 1237 120 H.-
1405 129 1411 134 .
1511 65 1615 132 423

0 161 2 164 ’
43 163 144 214 sinu
174 155 299 222 Dei,
343 159 540 211 verbum
572 155 780 222 producit
833 173 1037 207 amorem
1054 193 1067 218 ‚
1110 153 1329 222 Spiritum
1386 166 1613 211 sanctum.

113 234 234 288 Cum
255 236 348 288 boc
365 245 518 287 tamen
537 235 798 286 discrimine
821 235 1021 285 maximo
1039 272 1052 295 ‚
1074 234 1199 300 quod
1217 237 1266 285 in
1286 233 1394 286 Deo
1416 237 1611 290 verbum

45 317 135 380 agit
154 304 578 375 necessatithinc
596 329 782 377 semper
807 329 1012 362 amorem
1035 312 1269 378 producit;

111 389 167 441 In
186 392 321 441 nobis
337 399 490 441 autem
510 391 703 441 verbum
724 388 813 439 Dei
831 390 919 453 agit
940 388 1079 438 libere
1092 425 1105 448 ‚
1125 406 1229 438 cum
1249 386 1482 456 quadama
1501 407 1610 443 nos·

41 470 109 521 tra
126 470 360 521 voiuntate
381 468 709 536 dependentia:
726 467 835 518 hinc
853 483 996 533 saepe,
1018 485 1076 517 ex
1087 467 1254 518 malitia
1268 470 1437 534 nostra,
1455 468 1610 523 ineffi-

44 565 128 599 cax
150 555 218 598 est
239 584 252 608 ‚
278 549 377 598 sine
402 546 567 596 fructu.

114 620 257 686 Quod
285 619 492 671 Christus
516 623 562 670 in
589 623 775 670 seminis
801 620 1010 688 parabola
1032 622 1188 673 divine
1209 625 1344 674 nobis
1367 628 1609 689 expressit.

112 699 362 752 Obstacula
385 701 565 763 itaque,
590 702 807 762 quantum
837 695 905 749 est
925 717 986 749 ex
1008 708 1135 766 parte
1161 701 1342 761 nostra,
1367 702 1606 767 tollamus,

43 781 240 841 scilicet,
274 779 611 828 distractionem
624 781 806 838 mentis,
831 779 1152 830 sollicitudines
1167 816 1182 840 ‚
1205 779 1417 831 duritiem
1439 782 1606 835 cordis.

114 855 322 907 Verbum
348 854 441 906 Dei
471 857 792 919 suscipiamus,
817 859 930 906 sicut
961 865 1028 906 est
1056 862 1165 906 vere
1188 858 1380 908 verbum
1414 857 1532 922 Dei,
1559 863 1608 910 in

45 934 182 984 corde
204 935 331 983 bono
349 970 362 994 ‚
393 932 653 991 benev0103
684 940 732 981 ut
755 950 887 982 suum
915 933 1133 998 producat
1155 933 1347 985 fructum
1364 973 1378 996 ‚
1406 935 1609 988 charita-

45 1019 169 1072 tem,
199 1010 458 1075 patientiam
480 1044 493 1066 ‚
523 1025 659 1057 omne
686 1010 859 1059 bonum
884 1026 996 1073 opus
1014 1046 1027 1070 ,
1057 1012 1357 1061 imitationem
1382 1009 1571 1065 Christi.

114 1090 179 1154 fi.
211 1091 288 1151 14.
316 1086 418 1138 Vos
442 1091 566 1136 enim
592 1090 848 1137 imitatores
854 1087 1038 1151 facti...

109 1170 284 1222 Probat
308 1172 623 1238 operationem
646 1172 775 1221 verbi
805 1169 926 1232 Dei,
947 1189 1027 1220 seu
1050 1169 1140 1222 Dei
1165 1190 1246 1237 per
1264 1175 1455 1226 verbum
1476 1193 1609 1227 suum

46 1253 94 1301 in
116 1250 218 1300 iliis.
338 1302 342 1304 μ

113 1323 213 1375 Vos
231 1326 355 1374 enim
373 1326 683 1374 imitatores...
705 1334 752 1373 ut
781 1327 828 1374 in
851 1326 1124 1389 paraphrasi.

111 1400 216 1452 Nisi
239 1410 389 1451 autem
409 1398 618 1452 Verbum
640 1398 754 1461 Dei,
781 1409 828 1449 ut
852 1399 1057 1450 Verbum
1082 1401 1171 1452 Dei
1194 1405 1507 1467 suscepissetis
1525 1445 1540 1469 ‚
1566 1416 1615 1458 et

43 1484 130 1532 nisi
160 1488 423 1548 ¹operaretur
456 1483 508 1530 in
541 1481 701 1541 vobi3‚
732 1487 799 1530 tot
826 1488 875 1530 et
906 1489 1049 1531 tantas
1077 1484 1353 1532 tentationes
1374 1500 1608 1552 nunquam

44 1560 361 1626 superassetis.

116 1640 291 1688 Eadem
318 1641 441 1687 enim
468 1638 601 1702 passi
624 1639 781 1689 estis...
810 1639 977 1688 iudicat
1001 1641 1048 1688 in
1077 1657 1165 1706 quo
1190 1639 1292 1690 sacti
1329 1641 1419 1690 sint
1446 1643 1608 1695 imita—

4 1757 10 1761 .
45 1725 167 1766 tores
184 1755 198 1775 ‚
224 1726 315 1767 etc.

114 1797 486 1855 Contribule'bus,
525 1796 573 1844 id
610 1805 713 1857 est,
743 1797 1009 1844 concivibus
1030 1816 1050 1844 .:
1087 1813 1182 1844 non
1204 1797 1424 1860 significat
1444 1797 1521 1849 hic
1548 1818 1608 1850 ex

0 1876 1 1920 ἒ
43 1876 205 1926 eadem
228 1878 348 1926 tribu
370 1910 385 1934 ‚
408 1890 489 1921 seu
508 1874 700 1934 familia,
719 1874 810 1922 ‘sed
834 1892 892 1923 ex
917 1873 1077 1923 eadem
1104 1876 1283 1925 civitate
1311 1882 1360 1925 et
1385 1886 1541 1941 gente.

0 1930 2 2009 i
111 1946 166 2001 Ῠ.
184 1951 261 1999 15.
279 1949 373 2013 Qui
381 1957 425 1995 et
438 1946 695 1997 Dominum
707 1950 1026 1998 occiderunt...
1047 1968 1103 1999 ex
1126 1952 1363 2000 occasione
1381 1955 1610 2016 patientiae

0 2019 3 2078 ἶ
43 2023 523 2075 Thessaionicensium
545 2023 726 2073 damnat
747 2026 895 2073 obiter
922 2022 1190 2074 Judaeorum
1207 2026 1447 2091 invidum,
1473 2032 1608 2083 simul

0 2097 3 2124 ”
46 2111 90 2152 et
115 2101 548 2153 Thessalonicenses
570 2101 763 2163 solatur,
793 2119 851 2150 ex
887 2118 943 2150 eo
967 2103 1090 2165 quod
1114 2106 1351 2167 participes
1383 2104 1484 2156 facti
1517 2111 1608 2159 sint

43 2184 302 2246 passionum
322 2178 490 2232 Christi
514 2176 734 2239 Domini,
760 2178 1079 2242 prophetarum
1104 2188 1152 2228 et
1168 2178 1513 2244 Apostolorum.

117 2255 202 2308 Gr.
230 2261 435 2325 proprios
463 2256 738 2321 prophetas,
767 2264 854 2304 etc.

113 2327 227 2379 Non
261 2332 400 2379 debet
434 2329 752 2393 discipulorum
786 2330 987 2378 conditio
1018 2329 1178 2380 melior
1213 2347 1314 2381 esse
1343 2335 1479 2398 quam
1502 2351 1606 2384 ma-

44 2407 167 2470 gistri
192 2404 433 2453 conditio.
421 2403 512 2450 Si
537 2421 608 2451 me
628 2405 856 2466 per-seculi
877 2415 1015 2464 sunt,
1040 2415 1132 2456 etc.

114 2478 242 2530 Hinc
271 2479 400 2528 divus
423 2475 628 2527 Paulus
617 2496 664 2528 m
694 2483 906 2530 omnibus
934 2483 1256 2530 tentationibus
1275 2484 1470 2547 nostris,
1497 2482 1606 2541 Do·-

49 2560 163 2610 mini
189 2561 451 2623 passionum
474 2556 610 2606 nobis
633 2561 903 2608 memoriam
926 2558 1121 2610 refricat.

120 2636 353 2685 Omnibus
374 2635 639 2684 hominibus
663 2636 992 2697 adversantur,
1022 2640 1127 2703 quia
1144 2640 1348 2689 omnium
1369 2636 1611 2694 hominum

50 2710 184 2833 saiussi
188 2726 317 2834 {ese
322 2712 547 2761 obstinate
571 2722 832 2792 opponunt,
858 2711 968 2764 dum
989 2716 1185 2765 verbum
1209 2716 1359 2768 salutis
1380 2721 1619 2785 praedicari

53 2802 137 2852 pro
173 2802 185 2833 ι
223 2792 300 2834 ent

125 2861 232 2916 Nec
247 2863 442 2917 credunt
457 2900 471 2928 ‚
496 2881 585 2916 nec
605 2866 718 2922 aiios
740 2868 925 2921 credere
948 2869 1126 2924 volunt.
