1800 3158
447 64 675 117 ‘rnirnflx
710 63 1001 100 Exposmo.
1039 46 1161 116 Cap.
1199 51 1293 102 IV.
1443 62 1446 65 ’
1539 48 1660 119 ’289

644 193 872 230 SECUNDA
912 193 1119 230 PRAXIS.

175 311 486 378 Quoscumque
497 316 668 358 sancta
681 316 724 358 et
737 307 1080 370 sanctificantia,
1093 305 1292 371 perfecta
1302 313 1348 355 et
1370 306 1671 372 perficientia,

100 393 261 454 jugiter
286 390 438 438 animo
473 403 682 450 versare,
711 385 923 450 diligere,
961 384 1258 436 desiderare·
1246 422 1258 444 ‚
1299 392 1344 435 et
1370 387 1462 435 suis
1488 391 1674 452 tempo·

101 469 226 519 ribus
251 467 456 531 exsequi·
484 463 607 516 Vide
638 463 708 528 §ff-
738 462 789 514 8.

170 542 283 594 Non
312 559 364 592 ea
387 546 564 592 tantum
587 559 686 607 quae
705 549 807 590 sunt
828 542 888 592 de
908 548 1135 607 praecepto
1153 576 1168 603 ,
1194 539 1367 600 facere3
1391 538 1475 589 sed
1491 539 1549 588 ad
1567 555 1675 603 per-

106 619 357 672 sectionem
375 635 562 684 semper
590 618 797 668 tendere.

109 771 477 810 ADMIRANDUM
516 769 799 805 PERFECTAE
836 768 933 804 SEU
969 767 1296 804 APOSTOLICAE
1331 767 1476 805 vl'rAE
1509 765 1678 802 EXEM-

803 846 961 881 PLUM.

174 967 343 1018 Paulus
375 984 558 1032 semper
595 966 750 1028 idem,
779 983 862 1015 suo
896 972 1011 1015 statu
1045 980 1229 1029 semper
1260 970 1527 1026 contentu3‚
1561 964 1680 1038 sibi,

106 1042 212 1094 Deo
234 1048 447 1108 juvante,
475 1042 730 1105 sufficiens,
762 1044 872 1092 nihii
897 1051 1136 1107 appetens·
1162 1040 1286 1094 Vide
1312 1038 1367 1100 ᾖ.
1398 1061 1475 1093 11.

178 1122 345 1177 Paulus
363 1128 472 1183 scit,
498 1122 588 1173 Dei
603 1125 766 1188 gratia,
786 1133 829 1173 et
846 1126 1046 1190 inopiam
1067 1127 1289 1188 patienter
1304 1123 1438 1186 serre,
1460 1131 1505 1174 et
1529 1125 1681 1179 abun-2

112 1201 263 1269 dantia
287 1204 354 1251 uti
385 1199 646 1262 moderate,
673 1198 740 1263 Jff.
774 1219 850 1249 12.

180 1277 370 1338 Paulus,
397 1296 489 1326 uno
513 1279 656 1326 verbo
674 1314 687 1339 ‚
719 1277 775 1326 ad
803 1279 954 1327 omnia
981 1278 1208 1326 institutus
1236 1284 1330 1332 est,
1359 1274 1429 1340 Ϋ.
1458 1274 1536 1326 16.

180 1350 302 1400 Iltius
326 1351 585 1415 exemptum
613 1354 670 1401 ita
696 1354 880 1410 mirare,
904 1361 950 1400 ut
975 1352 1018 1399 et
1043 1353 1206 1399 imitari
1228 1351 1424 1400 studeaS.

185 1425 324 1477 Disce
353 1432 503 1492 itaque
524 1430 671 1492 primo
689 1465 701 1488 ‚
727 1430 876 1492 paucis
898 1436 942 1476 et
968 1432 1091 1476 mere
1122 1431 1387 1478 necessariis
1415 1435 1676 1487 commum,

117 1504 230 1554 nihil
252 1513 483 1571 appetere

183 1580 425 1642 Secundo,
459 1584 506 1631 in
531 1582 800 1647 paupertatis
828 1576 981 1644 inopia
1011 1582 1186 1646 patiens
1221 1590 1266 1631 et
1292 1590 1506 1632 constans
1554 1599 1677 1644 esse,

118 1664 167 1710 in
191 1659 463 1711 abundantia
474 1659 686 1724 frugaliS‚
714 1657 971 1708 moderatus
995 1669 1039 1707 et
1062 1676 1246 1723 pauper.

187 1735 348 1788 Tertio
364 1774 378 1799 ‚
410 1737 467 1786 ad
491 1753 652 1787 omnes
678 1743 867 1786 eventus
889 1752 1071 1800 semper
1091 1753 1193 1786 esse
1214 1745 1405 1801 paratus.

186 1812 312 1864 Talis
339 1816 431 1890 vit?
460 1814 722 1864 sacrificium
747 1820 815 1863 est
852 1820 1150 1876 perpetuum,
1189 1814 1283 1863 laus
1315 1812 1412 1863 Dei
1446 1816 1676 1880 perennis.

118 1894 242 1946 Vide
265 1892 330 1956 JV.
355 1880 377 1943 ἰ
391 1888 459 1942 2.¹

1670 1961 1683 1986 Ψ

677 2044 867 2078 TERTIA
903 2044 1101 2078 PRAXls.

490 2164 626 2213 Circa
661 2165 994 2228 eleemosynam
1007 2162 1306 2227 faciendam.

189 2302 452 2353 Recordare
471 2302 592 2367 quod
614 2301 899 2368 eleemosyna
921 2305 977 2351 sit
999 2301 1202 2367 quaedam
1223 2301 1496 2364 negotiatio,
1521 2294 1576 2353 37.
1604 2299 1681 2355 16.

193 2374 299 2439 Qua
323 2375 433 2425 nihii
469 2381 786 2440 quaestuosius,
814 2379 914 2443 quia
940 2378 1130 2426 terrenis
1160 2377 1322 2424 emitur
1357 2374 1549 2439 coelurn,
1578 2378 1680 2429 ibi-

125 2453 247 2502 dem.

194 2524 300 2591 Qua
322 2525 434 2576 nihit
457 2525 624 2576 sacillus
644 2562 659 2590 ‚
685 2529 787 2591 quia
808 2531 886 2578 ubi
908 2529 1035 2579 deest
1055 2530 1272 2594 pecunia,
1296 2527 1460 2580 sufficit
1484 2535 1677 2614 animus.
1707 2552 1713 2564 ‘

123 2601 244 2655 Vide
269 2603 466 2654 ibidem.
782 2616 793 2624 ·

195 2675 300 2739 Qua
314 2677 426 2726 nihil
446 2676 548 2727 Deo
566 2678 746 2740 gratim,
764 2680 865 2743 quia
881 2678 1173 2744 eleemosyna
1193 2685 1261 2729 est
1282 2682 1405 2747 quasi
1427 2679 1678 2748 thymiama

124 2754 184 2804 itti
209 2754 524 2803 suavissimum
542 2789 557 2816 ‚
586 2752 652 2816 Jff.
686 2753 765 2805 18.

196 2828 338 2893 Quasi
360 2829 506 2881 hostia
523 2830 632 2881 Deo
653 2834 899 2897 gratissima
913 2871 926 2898 ,
954 2834 1142 2884 ibidem.
1498 2903 1528 2953 3

349 2913 423 2949 lv.
1465 2922 1486 2953 1
