<?xml version="1.0" encoding="UTF-8"?>
<!DOCTYPE html PUBLIC "-//W3C//DTD XHTML 1.0 Transitional//EN"
    "http://www.w3.org/TR/xhtml1/DTD/xhtml1-transitional.dtd">
<html xmlns="http://www.w3.org/1999/xhtml" xml:lang="en" lang="en">
 <head>
  <title>
</title>
<meta http-equiv="Content-Type" content="text/html;charset=utf-8" />
  <meta name='ocr-system' content='tesseract 3.04.00' />
  <meta name='ocr-capabilities' content='ocr_page ocr_carea ocr_par ocr_line ocrx_word'/>
</head>
<body>
  <div class='ocr_page' id='page_1' title='image "./epistolaumbpauli04picq_0375.png"; bbox 0 0 1800 3158; ppageno 0'>
   <div class='ocr_carea' id='block_1_1' title="bbox 53 78 1630 1258">
    <p class='ocr_par' dir='ltr' id='par_1_1' title="bbox 53 78 1629 473">
     <span class='ocr_line' id='line_1_1' title="bbox 306 78 1618 157; baseline 0.002 -23"><span class='ocrx_word' id='word_1_1' title='bbox 306 89 338 99; x_wconf 72' lang='grc'><strong>“</strong></span> <span class='ocrx_word' id='word_1_2' title='bbox 425 88 965 135; x_wconf 60' lang='grc' dir='ltr'><strong>τωηῑκήυοειτῐο.</strong></span> <span class='ocrx_word' id='word_1_3' title='bbox 993 78 1259 157; x_wconf 52' lang='grc' dir='ltr'><strong>θαρ.ᾒΙΙΙ.,</strong></span> <span class='ocrx_word' id='word_1_4' title='bbox 1496 149 1498 151; x_wconf 12' lang='lat' dir='ltr'>v</span> <span class='ocrx_word' id='word_1_5' title='bbox 1519 81 1618 137; x_wconf 79' lang='lat'><strong>361</strong></span> 
     </span>
     <span class='ocr_line' id='line_1_2' title="bbox 70 169 1629 237; baseline 0.004 -19"><span class='ocrx_word' id='word_1_6' title='bbox 70 169 289 234; x_wconf 60' lang='grc' dir='ltr'><strong>·«,,8εινὶ,</strong></span> <span class='ocrx_word' id='word_1_7' title='bbox 315 173 366 223; x_wconf 84' lang='lat' dir='ltr'><strong>in</strong></span> <span class='ocrx_word' id='word_1_8' title='bbox 389 172 604 222; x_wconf 82' lang='lat' dir='ltr'><strong>omnibus</strong></span> <span class='ocrx_word' id='word_1_9' title='bbox 628 170 815 221; x_wconf 85' lang='lat' dir='ltr'><strong>obedite</strong></span> <span class='ocrx_word' id='word_1_10' title='bbox 849 170 1052 221; x_wconf 87' lang='lat' dir='ltr'><strong>dominis</strong></span> <span class='ocrx_word' id='word_1_11' title='bbox 1070 174 1237 222; x_wconf 87' lang='lat' dir='ltr'><strong>vestris</strong></span> <span class='ocrx_word' id='word_1_12' title='bbox 1260 170 1589 237; x_wconf 73' lang='lat' dir='ltr'><strong>temporaiibus</strong></span> <span class='ocrx_word' id='word_1_13' title='bbox 1605 199 1629 237; x_wconf 90' lang='lat'><strong>‚-</strong></span> 
     </span>
     <span class='ocr_line' id='line_1_3' title="bbox 53 246 1624 325; baseline 0 -22"><span class='ocrx_word' id='word_1_14' title='bbox 53 267 152 303; x_wconf 87' lang='lat' dir='ltr'><strong>non</strong></span> <span class='ocrx_word' id='word_1_15' title='bbox 175 249 400 302; x_wconf 83' lang='lat' dir='ltr'><strong>ocularem</strong></span> <span class='ocrx_word' id='word_1_16' title='bbox 427 247 514 306; x_wconf 88' lang='lat' dir='ltr'><strong>illis</strong></span> <span class='ocrx_word' id='word_1_17' title='bbox 540 246 816 313; x_wconf 76' lang='lat' dir='ltr'><strong>exhibentes</strong></span> <span class='ocrx_word' id='word_1_18' title='bbox 856 251 1156 311; x_wconf 87' lang='lat' dir='ltr'><strong>servitutem,</strong></span> <span class='ocrx_word' id='word_1_19' title='bbox 1196 251 1322 325; x_wconf 84' lang='lat' dir='ltr'><strong>quasi</strong></span> <span class='ocrx_word' id='word_1_20' title='bbox 1357 249 1624 304; x_wconf 89' lang='lat' dir='ltr'><strong>hominibus</strong></span> 
     </span>
     <span class='ocr_line' id='line_1_4' title="bbox 55 322 1623 395; baseline 0.001 -18"><span class='ocrx_word' id='word_1_21' title='bbox 55 325 233 393; x_wconf 70' lang='lat' dir='ltr'><strong>placere</strong></span> <span class='ocrx_word' id='word_1_22' title='bbox 253 324 490 376; x_wconf 83' lang='lat' dir='ltr'><strong>studentes</strong></span> <span class='ocrx_word' id='word_1_23' title='bbox 509 359 525 387; x_wconf 85' lang='lat'>‚</span> <span class='ocrx_word' id='word_1_24' title='bbox 539 322 639 373; x_wconf 72' lang='lat' dir='ltr'><strong>=sed</strong></span> <span class='ocrx_word' id='word_1_25' title='bbox 660 323 913 389; x_wconf 81' lang='lat' dir='ltr'><strong>simpiicem</strong></span> <span class='ocrx_word' id='word_1_26' title='bbox 933 332 978 374; x_wconf 94' lang='lat' dir='ltr'><strong>et</strong></span> <span class='ocrx_word' id='word_1_27' title='bbox 996 326 1097 374; x_wconf 88' lang='lat' dir='ltr'><strong>sine</strong></span> <span class='ocrx_word' id='word_1_28' title='bbox 1118 322 1401 375; x_wconf 80' lang='lat' dir='ltr'><strong>simulatione</strong></span> <span class='ocrx_word' id='word_1_29' title='bbox 1422 362 1438 391; x_wconf 89' lang='lat'>‚</span> <span class='ocrx_word' id='word_1_30' title='bbox 1460 334 1623 395; x_wconf 83' lang='lat' dir='ltr'><strong>utpote</strong></span> 
     </span>
     <span class='ocr_line' id='line_1_5' title="bbox 56 400 1257 473; baseline -0.003 -17"><span class='ocrx_word' id='word_1_31' title='bbox 56 407 134 473; x_wconf 89' lang='lat' dir='ltr'><strong>qui</strong></span> <span class='ocrx_word' id='word_1_32' title='bbox 160 405 331 455; x_wconf 83' lang='lat' dir='ltr'><strong>timetis</strong></span> <span class='ocrx_word' id='word_1_33' title='bbox 358 400 513 453; x_wconf 88' lang='lat' dir='ltr'><strong>Deum</strong></span> <span class='ocrx_word' id='word_1_34' title='bbox 538 402 776 454; x_wconf 83' lang='lat' dir='ltr'><strong>videntem</strong></span> <span class='ocrx_word' id='word_1_35' title='bbox 796 403 1063 453; x_wconf 85' lang='lat' dir='ltr'><strong>abscondita</strong></span> <span class='ocrx_word' id='word_1_36' title='bbox 1090 402 1257 453; x_wconf 87' lang='lat' dir='ltr'><strong>cordis.</strong></span> 
     </span>
    </p>

    <p class='ocr_par' dir='ltr' id='par_1_2' title="bbox 58 480 1624 709">
     <span class='ocr_line' id='line_1_6' title="bbox 127 480 1622 550; baseline 0.002 -16"><span class='ocrx_word' id='word_1_37' title='bbox 127 481 470 550; x_wconf 60' lang='lat' dir='ltr'><strong>Quodqumque</strong></span> <span class='ocrx_word' id='word_1_38' title='bbox 509 484 557 532; x_wconf 91' lang='lat' dir='ltr'><strong>in</strong></span> <span class='ocrx_word' id='word_1_39' title='bbox 595 490 751 532; x_wconf 87' lang='lat' dir='ltr'><strong>vestro</strong></span> <span class='ocrx_word' id='word_1_40' title='bbox 785 484 1039 533; x_wconf 79' lang='lat' dir='ltr'><strong>ministerio</strong></span> <span class='ocrx_word' id='word_1_41' title='bbox 1080 480 1225 533; x_wconf 76' lang='lat' dir='ltr'><strong>facitis</strong></span> <span class='ocrx_word' id='word_1_42' title='bbox 1240 518 1254 543; x_wconf 84' lang='lat'><strong>‚</strong></span> <span class='ocrx_word' id='word_1_43' title='bbox 1305 482 1415 533; x_wconf 78' lang='lat' dir='ltr'><strong>illud</strong></span> <span class='ocrx_word' id='word_1_44' title='bbox 1458 482 1622 537; x_wconf 79' lang='lat' dir='ltr'><strong>libenti</strong></span> 
     </span>
     <span class='ocr_line' id='line_1_7' title="bbox 58 555 1624 629; baseline 0.003 -16"><span class='ocrx_word' id='word_1_45' title='bbox 58 564 216 613; x_wconf 77' lang='lat' dir='ltr'><strong>animo</strong></span> <span class='ocrx_word' id='word_1_46' title='bbox 243 561 409 625; x_wconf 82' lang='lat' dir='ltr'><strong>facite,</strong></span> <span class='ocrx_word' id='word_1_47' title='bbox 428 561 631 629; x_wconf 75' lang='lat' dir='ltr'><strong>perinde</strong></span> <span class='ocrx_word' id='word_1_48' title='bbox 659 579 711 612; x_wconf 82' lang='lat' dir='ltr'><strong>ac</strong></span> <span class='ocrx_word' id='word_1_49' title='bbox 743 565 783 613; x_wconf 81' lang='lat' dir='ltr'><strong>si</strong></span> <span class='ocrx_word' id='word_1_50' title='bbox 819 560 1030 612; x_wconf 85' lang='lat' dir='ltr'><strong>Domino</strong></span> <span class='ocrx_word' id='word_1_51' title='bbox 1062 555 1182 629; x_wconf 86' lang='lat' dir='ltr'><strong>ipsi,</strong></span> <span class='ocrx_word' id='word_1_52' title='bbox 1224 579 1324 613; x_wconf 87' lang='lat' dir='ltr'><strong>non</strong></span> <span class='ocrx_word' id='word_1_53' title='bbox 1359 561 1624 617; x_wconf 86' lang='lat' dir='ltr'><strong>hominibus</strong></span> 
     </span>
     <span class='ocr_line' id='line_1_8' title="bbox 59 642 394 709; baseline -0.006 -18"><span class='ocrx_word' id='word_1_54' title='bbox 59 642 394 709; x_wconf 66' lang='lat' dir='ltr'><strong>ministraretis.</strong></span> 
     </span>
    </p>

    <p class='ocr_par' dir='ltr' id='par_1_3' title="bbox 59 713 1630 1022">
     <span class='ocr_line' id='line_1_9' title="bbox 127 713 1627 782; baseline 0.003 -14"><span class='ocrx_word' id='word_1_55' title='bbox 127 714 191 769; x_wconf 88' lang='lat' dir='ltr'><strong>Et</strong></span> <span class='ocrx_word' id='word_1_56' title='bbox 214 714 379 768; x_wconf 84' lang='lat' dir='ltr'><strong>scitote</strong></span> <span class='ocrx_word' id='word_1_57' title='bbox 401 716 619 782; x_wconf 85' lang='lat' dir='ltr'><strong>quoniam</strong></span> <span class='ocrx_word' id='word_1_58' title='bbox 651 721 677 767; x_wconf 72' lang='grc' dir='ltr'>ὲ</span> <span class='ocrx_word' id='word_1_59' title='bbox 700 713 908 767; x_wconf 88' lang='lat' dir='ltr'><strong>Domino</strong></span> <span class='ocrx_word' id='word_1_60' title='bbox 951 719 1167 768; x_wconf 84' lang='lat' dir='ltr'><strong>eximiam</strong></span> <span class='ocrx_word' id='word_1_61' title='bbox 1196 715 1399 769; x_wconf 84' lang='lat' dir='ltr'><strong>referetis</strong></span> <span class='ocrx_word' id='word_1_62' title='bbox 1437 736 1627 772; x_wconf 83' lang='lat' dir='ltr'><strong>merce-</strong></span> 
     </span>
     <span class='ocr_line' id='line_1_10' title="bbox 60 786 1626 864; baseline 0.002 -18"><span class='ocrx_word' id='word_1_63' title='bbox 60 795 442 858; x_wconf 61' lang='lat' dir='ltr'><strong>dem-‚aternam</strong></span> <span class='ocrx_word' id='word_1_64' title='bbox 462 790 634 844; x_wconf 84' lang='lat' dir='ltr'><strong>sci-licet</strong></span> <span class='ocrx_word' id='word_1_65' title='bbox 650 792 987 845; x_wconf 74' lang='lat' dir='ltr'><strong>haereditatem:</strong></span> <span class='ocrx_word' id='word_1_66' title='bbox 1004 791 1238 846; x_wconf 85' lang='lat' dir='ltr'><strong>Christum</strong></span> <span class='ocrx_word' id='word_1_67' title='bbox 1255 811 1386 860; x_wconf 81' lang='lat' dir='ltr'><strong>erge,</strong></span> <span class='ocrx_word' id='word_1_68' title='bbox 1408 786 1626 864; x_wconf 71' lang='lat' dir='ltr'><strong>tanquam</strong></span> 
     </span>
     <span class='ocr_line' id='line_1_11' title="bbox 59 874 1630 943; baseline 0.001 -14"><span class='ocrx_word' id='word_1_69' title='bbox 59 874 319 929; x_wconf 84' lang='lat' dir='ltr'><strong>Dominum</strong></span> <span class='ocrx_word' id='word_1_70' title='bbox 331 882 537 927; x_wconf 86' lang='lat' dir='ltr'><strong>vestrum</strong></span> <span class='ocrx_word' id='word_1_71' title='bbox 559 877 793 941; x_wconf 79' lang='lat' dir='ltr'><strong>respicite,</strong></span> <span class='ocrx_word' id='word_1_72' title='bbox 816 876 971 943; x_wconf 88' lang='lat' dir='ltr'><strong>illique</strong></span> <span class='ocrx_word' id='word_1_73' title='bbox 990 879 1186 940; x_wconf 72' lang='lat' dir='ltr'><strong>Servite,</strong></span> <span class='ocrx_word' id='word_1_74' title='bbox 1206 875 1330 928; x_wconf 89' lang='lat' dir='ltr'><strong>heris</strong></span> <span class='ocrx_word' id='word_1_75' title='bbox 1351 881 1513 930; x_wconf 84' lang='lat' dir='ltr'><strong>vestris</strong></span> <span class='ocrx_word' id='word_1_76' title='bbox 1534 881 1630 930; x_wconf 88' lang='lat' dir='ltr'><strong>ob-</strong></span> 
     </span>
     <span class='ocr_line' id='line_1_12' title="bbox 61 962 326 1022; baseline -0.011 -15"><span class='ocrx_word' id='word_1_77' title='bbox 61 962 326 1022; x_wconf 75' lang='lat' dir='ltr'><strong>sequentes.</strong></span> 
     </span>
    </p>

    <p class='ocr_par' dir='ltr' id='par_1_4' title="bbox 63 1025 1629 1258">
     <span class='ocr_line' id='line_1_13' title="bbox 121 1025 1627 1094; baseline 0.001 -13"><span class='ocrx_word' id='word_1_78' title='bbox 121 1025 363 1083; x_wconf 69' lang='lat' dir='ltr'><strong>‘Gaeteriim</strong></span> <span class='ocrx_word' id='word_1_79' title='bbox 384 1030 462 1094; x_wconf 87' lang='lat' dir='ltr'><strong>qui</strong></span> <span class='ocrx_word' id='word_1_80' title='bbox 485 1027 590 1078; x_wconf 77' lang='lat' dir='ltr'><strong>facit</strong></span> <span class='ocrx_word' id='word_1_81' title='bbox 615 1029 851 1093; x_wconf 76' lang='lat' dir='ltr'><strong>injuriam,</strong></span> <span class='ocrx_word' id='word_1_82' title='bbox 888 1032 987 1080; x_wconf 82' lang='lat' dir='ltr'><strong>sive</strong></span> <span class='ocrx_word' id='word_1_83' title='bbox 1023 1046 1183 1082; x_wconf 82' lang='lat' dir='ltr'><strong>servus</strong></span> <span class='ocrx_word' id='word_1_84' title='bbox 1205 1031 1402 1082; x_wconf 85' lang='lat' dir='ltr'><strong>infidelis</strong></span> <span class='ocrx_word' id='word_1_85' title='bbox 1438 1031 1627 1083; x_wconf 84' lang='lat' dir='ltr'><strong>domino</strong></span> 
     </span>
     <span class='ocr_line' id='line_1_14' title="bbox 63 1107 1629 1178; baseline 0.002 -19"><span class='ocrx_word' id='word_1_86' title='bbox 63 1125 147 1159; x_wconf 91' lang='lat' dir='ltr'><strong>suo</strong></span> <span class='ocrx_word' id='word_1_87' title='bbox 160 1145 175 1172; x_wconf 88' lang='lat'><strong>,</strong></span> <span class='ocrx_word' id='word_1_88' title='bbox 195 1109 295 1159; x_wconf 84' lang='lat' dir='ltr'><strong>sive</strong></span> <span class='ocrx_word' id='word_1_89' title='bbox 316 1107 529 1157; x_wconf 87' lang='lat' dir='ltr'><strong>dominus</strong></span> <span class='ocrx_word' id='word_1_90' title='bbox 548 1110 597 1157; x_wconf 90' lang='lat' dir='ltr'><strong>in</strong></span> <span class='ocrx_word' id='word_1_91' title='bbox 621 1121 806 1158; x_wconf 67' lang='lat' dir='ltr'><strong>servum</strong></span> <span class='ocrx_word' id='word_1_92' title='bbox 827 1126 958 1159; x_wconf 89' lang='lat' dir='ltr'><strong>suum</strong></span> <span class='ocrx_word' id='word_1_93' title='bbox 980 1109 1117 1160; x_wconf 90' lang='lat' dir='ltr'><strong>durus</strong></span> <span class='ocrx_word' id='word_1_94' title='bbox 1131 1148 1144 1175; x_wconf 60' lang='lat'>2</span> <span class='ocrx_word' id='word_1_95' title='bbox 1167 1112 1395 1174; x_wconf 87' lang='lat' dir='ltr'><strong>injustitiae</strong></span> <span class='ocrx_word' id='word_1_96' title='bbox 1415 1127 1506 1163; x_wconf 86' lang='lat' dir='ltr'><strong>suae</strong></span> <span class='ocrx_word' id='word_1_97' title='bbox 1523 1127 1629 1178; x_wconf 73' lang='grc' dir='ltr'><strong>Ρω-</strong></span> 
     </span>
     <span class='ocr_line' id='line_1_15' title="bbox 63 1183 1346 1258; baseline 0.003 -21"><span class='ocrx_word' id='word_1_98' title='bbox 63 1191 183 1241; x_wconf 56' lang='lat' dir='ltr'><strong>naim&#39;*</strong></span> <span class='ocrx_word' id='word_1_99' title='bbox 195 1187 385 1253; x_wconf 84' lang='lat' dir='ltr'><strong>recipiet</strong></span> <span class='ocrx_word' id='word_1_100' title='bbox 408 1183 568 1237; x_wconf 90' lang='lat' dir='ltr'><strong>:Deus</strong></span> <span class='ocrx_word' id='word_1_101' title='bbox 591 1188 718 1237; x_wconf 89' lang='lat' dir='ltr'><strong>enim</strong></span> <span class='ocrx_word' id='word_1_102' title='bbox 740 1204 983 1254; x_wconf 87' lang='lat' dir='ltr'><strong>personam</strong></span> <span class='ocrx_word' id='word_1_103' title='bbox 1007 1205 1103 1240; x_wconf 93' lang='lat' dir='ltr'><strong>non</strong></span> <span class='ocrx_word' id='word_1_104' title='bbox 1122 1191 1321 1258; x_wconf 84' lang='lat' dir='ltr'><strong>respicit.</strong></span> <span class='ocrx_word' id='word_1_105' title='bbox 1342 1237 1346 1241; x_wconf 87' lang='lat'>.</span> 
     </span>
    </p>
   </div>
   <div class='ocr_carea' id='block_1_2' title="bbox 237 2977 1428 3034">
    <p class='ocr_par' dir='ltr' id='par_1_5' title="bbox 237 2977 1428 3034">
     <span class='ocr_line' id='line_1_16' title="bbox 237 2977 1428 3034; baseline 0.013 -16"><span class='ocrx_word' id='word_1_106' title='bbox 237 2980 308 3019; x_wconf 74' lang='lat' dir='ltr'><strong>tv.</strong></span> <span class='ocrx_word' id='word_1_107' title='bbox 1351 2977 1428 3034; x_wconf 82' lang='lat'><strong>16.</strong></span> 
     </span>
    </p>
   </div>
  </div>
 </body>
</html>
