1800 3158
0 268 8 280 b

3 306 5 314 ι

27 4 37 15 5
85 3 94 13 ι
182 0 187 8 r

30 70 33 78 ι

16 89 31 113 ,μ’
107 91 120 105 Ι

9 114 21 137 ἰ

15 175 18 185 1

436 83 669 133 ’rmntxff
691 88 978 126 Exposmo.
1016 73 1134 142 Cap.
1169 69 1279 127 ΙΙΙ.
1378 102 1401 153 '.
1528 65 1641 131 263⁷

67 160 255 224 patienti
279 162 341 209 sis
357 158 604 224 conformis
619 197 634 222 ,
657 156 841 211 Christo
869 165 1019 228 itaque
1040 163 1234 228 glorioso
1257 162 1504 215 conformis
1525 169 1630 218 eris.

69 235 195 290 Vide
217 246 263 290 et
286 235 467 302 7.,2ι.

734 370 958 428 QUAn‘rb.
976 380 978 382 ·

142 495 360 550 Observa
377 505 427 549 et
452 514 643 564 sequere
668 497 930 548 christianas
956 494 1168 564 Apostoli
1189 515 1376 564 praxes,
1395 499 1557 565 quibus
1579 516 1631 550 se

72 580 131 629 ad
157 568 493 646 perfectionem¹
513 579 822 644 evangelicam
847 580 1092 630 excitabat.

143 654 213 718 JV.
246 674 305 708 12
328 693 342 715 ‚
394 654 482 716 13,
525 655 603 716 14.
635 651 944 719 Semetipsum
969 655 1261 710 considerans
1287 657 1336 705 in
1364 653 1631 720 evangelica

70 730 272 798 palaestra
297 734 420 800 quasi
441 724 801 781 stadiodromum
821 734 868 781 in
889 733 1034 782 stadio
1049 769 1062 792 ,
1085 735 1245 795 majori
1269 751 1358 800 quo
1379 740 1529 799 potest
1549 749 1632 782 co*

70 816 179 860 natu
199 812 333 875 currit
357 810 412 859 ad
433 811 666 860 bravium:
691 826 796 874 quae
824 818 943 859 retro
958 818 1062 859 sunt
1090 810 1392 877 obliviscens,
1423 810 1562 860 ocutis
1580 811 1631 859 in

19 889 26 896 ’
70 903 261 951 scopum
286 888 417 936 unice
437 886 623 946 defixis,
648 885 704 934 ad
726 904 830 936 eum
858 889 963 936 totis
982 888 1154 937 viribus
1176 887 1428 937 contendit.

139 962 278 1014 Eheu
302 967 439 1016 miser
460 966 471 1015 1
509 968 556 1019 in
579 964 744 1015 eodem
769 965 914 1015 stadio
937 969 1108 1031 positus
1127 1005 1141 1030 ,
1169 966 1388 1031 languens
1410 965 1630 1015 hactenus

76 1046 254 1108 torpui,
294 1052 340 1094 et
373 1047 562 1110 torpeo!
590 1042 663 1094 Da
685 1047 804 1094 vires
833 1053 878 1094 et
902 1047 1102 1095 animum
1119 1081 1132 1106 ‚
1165 1043 1192 1094 ὂ
1224 1043 1385 1095 Deus!
1412 1039 1630 1109 Aposto-

71 1118 165 1171 lum
187 1129 312 1172 tuum
334 1123 539 1172 imitandi
562 1124 608 1171 in
629 1123 721 1172 fine
745 1123 902 1173 saltem
927 1137 1048 1173 meae
1074 1124 1238 1189 tepidae
1265 1124 1389 1173 vitae.

139 1189 197 1249 Jff.
238 1218 320 1250 20.
355 1197 417 1250 Se
441 1200 656 1250 coelorum
693 1203 842 1250 civem
882 1209 926 1251 et
969 1204 1250 1268 municipem
1290 1200 1583 1252 considerans
1613 1234 1629 1259 ‚

70 1285 227 1327 mente
242 1286 290 1327 et
315 1278 453 1328 corde
486 1283 510 1328 a
533 1282 725 1328 terrenis
746 1281 993 1331 abstractus
1008 1319 1022 1343 ‚
1046 1281 1245 1336 coeleslia
1269 1283 1463 1346 cogitat,
1490 1279 1634 1344 diligit

0 1397 3 1400 .
72 1361 120 1403 et
143 1360 298 1403 curat:
323 1354 420 1416 jure
447 1362 492 1403 et
510 1354 683 1418 legibus
708 1355 900 1405 coelestis
930 1359 1057 1421 regni
1084 1359 1198 1406 vivit
1223 1367 1268 1408 et
1295 1360 1477 1422 regitur.

139 1425 326 1480 Eodem
353 1446 406 1479 ac
428 1426 643 1494 Apostoli
669 1433 885 1496 insignitu
897 1450 1030 1482 ssum
1057 1432 1264 1494 honore,
1293 1434 1510 1483 coelorum
1530 1449 1631 1481 sum

73 1508 187 1557 civis
203 1544 215 1568 ,
243 1506 517 1556 domesticus
539 1504 657 1557 Dei:
676 1525 754 1557 cur
774 1526 860 1571 ego
879 1547 893 1572 ‚
914 1518 961 1559 ut
977 1510 1120 1576 talpa,
1147 1510 1298 1561 haereo
1319 1519 1472 1572 term,
1498 1526 1631 1561 men·

70 1593 117 1635 te
144 1593 190 1635 et
218 1586 356 1636 corde
378 1586 571 1636 inclusus
598 1587 646 1635 in
669 1584 784 1636 terra
801 1580 828 1635 ἐ’

140 1657 327 1711 Sursum
347 1680 422 1712 cor
440 1700 454 1725 ,
478 1661 506 1711 ὀ
528 1663 677 1710 anima
699 1663 827 1711 mea!
846 1672 1050 1714 mentem
1068 1666 1192 1728 erige
1207 1700 1222 1727 ,
1242 1666 1419 1728 suspice
1433 1660 1595 1711 coelum
1611 1694 1626 1717 ‚

71 1738 176 1789 haec
205 1749 272 1790 est
295 1742 435 1805 patria
462 1749 534 1790 lua
565 1739 819 1807 domusque
859 1749 1052 1791 aeterna:
1092 1741 1150 1790 ad
1183 1741 1301 1791 hanc
1334 1739 1521 1796 anhela;
1563 1738 1629 1786 ibi

73 1836 343 1871 conversare
363 1857 377 1882 ‚
404 1820 553 1870 donec
572 1822 727 1869 veniat
754 1818 960 1870 Salvator
983 1825 1056 1888 qui
1079 1830 1123 1870 te
1144 1822 1201 1870 ab
1230 1820 1363 1884 hujus
1387 1818 1511 1869 exilii
1535 1820 1629 1867 mi-

14 1895 23 1901 ’
73 1898 201 1946 seriis
221 1900 411 1964 eripiat,
438 1896 606 1962 suaque
626 1894 766 1960 gloria
789 1897 930 1947 donet
953 1901 998 1947 in
1024 1895 1184 1963 patriai.
