<?xml version="1.0" encoding="UTF-8"?>
<!DOCTYPE html PUBLIC "-//W3C//DTD XHTML 1.0 Transitional//EN"
    "http://www.w3.org/TR/xhtml1/DTD/xhtml1-transitional.dtd">
<html xmlns="http://www.w3.org/1999/xhtml" xml:lang="en" lang="en">
 <head>
  <title>
</title>
<meta http-equiv="Content-Type" content="text/html;charset=utf-8" />
  <meta name='ocr-system' content='tesseract 3.04.00' />
  <meta name='ocr-capabilities' content='ocr_page ocr_carea ocr_par ocr_line ocrx_word'/>
</head>
<body>
  <div class='ocr_page' id='page_1' title='image "./epistolaumbpauli04picq_0218.png"; bbox 0 0 1806 3164; ppageno 0'>
   <div class='ocr_carea' id='block_1_1' title="bbox 174 75 1340 138">
    <p class='ocr_par' dir='ltr' id='par_1_1' title="bbox 174 75 1340 138">
     <span class='ocr_line' id='line_1_1' title="bbox 174 75 1340 138; baseline 0.009 -11"><span class='ocrx_word' id='word_1_1' title='bbox 174 75 278 138; x_wconf 74' lang='lat'>204</span> <span class='ocrx_word' id='word_1_2' title='bbox 574 79 862 130; x_wconf 64' lang='lat' dir='ltr'>iserniam</span> <span class='ocrx_word' id='word_1_3' title='bbox 877 94 950 130; x_wconf 71' lang='lat' dir='ltr'>An</span> <span class='ocrx_word' id='word_1_4' title='bbox 985 95 1340 137; x_wconf 64' lang='lat' dir='ltr'>rumentum</span> 
     </span>
    </p>
   </div>
   <div class='ocr_carea' id='block_1_2' title="bbox 171 114 1753 315">
    <p class='ocr_par' dir='ltr' id='par_1_2' title="bbox 171 114 1753 315">
     <span class='ocr_line' id='line_1_2' title="bbox 171 114 1753 278; baseline 0.009 -65"><span class='ocrx_word' id='word_1_5' title='bbox 171 163 261 229; x_wconf 86' lang='lat' dir='ltr'>lige</span> <span class='ocrx_word' id='word_1_6' title='bbox 299 165 535 229; x_wconf 87' lang='lat' dir='ltr'>quomodo</span> <span class='ocrx_word' id='word_1_7' title='bbox 569 164 716 231; x_wconf 76' lang='lat' dir='ltr'>diligit</span> <span class='ocrx_word' id='word_1_8' title='bbox 743 162 976 226; x_wconf 83' lang='lat' dir='ltr'>Christus;</span> <span class='ocrx_word' id='word_1_9' title='bbox 1017 168 1141 220; x_wconf 89' lang='lat' dir='ltr'>illum</span> <span class='ocrx_word' id='word_1_10' title='bbox 1168 170 1425 224; x_wconf 81' lang='lat' dir='ltr'>desidera&#39;</span> <span class='ocrx_word' id='word_1_11' title='bbox 1408 190 1466 226; x_wconf 74' lang='lat' dir='ltr'>m:</span> <span class='ocrx_word' id='word_1_12' title='bbox 1491 114 1753 278; x_wconf 55' lang='lat' dir='ltr'>mii</span> 
     </span>
     <span class='ocr_line' id='line_1_3' title="bbox 171 236 1629 315; baseline 0.009 -25"><span class='ocrx_word' id='word_1_13' title='bbox 171 239 379 292; x_wconf 89' lang='lat' dir='ltr'>Christi.</span> <span class='ocrx_word' id='word_1_14' title='bbox 412 240 649 294; x_wconf 79' lang='lat' dir='ltr'>Christum</span> <span class='ocrx_word' id='word_1_15' title='bbox 677 243 832 310; x_wconf 81' lang='lat' dir='ltr'>diligat</span> <span class='ocrx_word' id='word_1_16' title='bbox 851 253 900 295; x_wconf 88' lang='lat' dir='ltr'>ut</span> <span class='ocrx_word' id='word_1_17' title='bbox 923 249 950 296; x_wconf 75' lang='grc' dir='ltr'>ὲ</span> <span class='ocrx_word' id='word_1_18' title='bbox 976 236 1171 299; x_wconf 87' lang='lat' dir='ltr'>Christo</span> <span class='ocrx_word' id='word_1_19' title='bbox 1191 249 1400 315; x_wconf 82' lang='lat' dir='ltr'>diligitur.</span> <span class='ocrx_word' id='word_1_20' title='bbox 1438 259 1448 301; x_wconf 59' lang='lat' dir='ltr'>J&gt;</span> <span class='ocrx_word' id='word_1_21' title='bbox 1558 277 1629 307; x_wconf 58' lang='lat' dir='ltr'>lm·</span> 
     </span>
    </p>
   </div>
   <div class='ocr_carea' id='block_1_3' title="bbox 170 283 1746 710">
    <p class='ocr_par' dir='ltr' id='par_1_3' title="bbox 170 283 1745 464">
     <span class='ocr_line' id='line_1_4' title="bbox 238 283 1745 402; baseline 0.015 -36"><span class='ocrx_word' id='word_1_22' title='bbox 238 310 297 372; x_wconf 59' lang='lat' dir='ltr'>fi.</span> <span class='ocrx_word' id='word_1_23' title='bbox 322 339 371 388; x_wconf 85' lang='lat'><em>9.</em></span> <span class='ocrx_word' id='word_1_24' title='bbox 395 320 458 369; x_wconf 79' lang='lat' dir='ltr'>Et</span> <span class='ocrx_word' id='word_1_25' title='bbox 489 321 576 369; x_wconf 77' lang='lat' dir='ltr'>hoc</span> <span class='ocrx_word' id='word_1_26' title='bbox 608 339 688 370; x_wconf 87' lang='lat' dir='ltr'>oro</span> <span class='ocrx_word' id='word_1_27' title='bbox 710 330 761 370; x_wconf 83' lang='lat' dir='ltr'>ut</span> <span class='ocrx_word' id='word_1_28' title='bbox 783 322 993 372; x_wconf 75' lang='lat' dir='ltr'>charitas</span> <span class='ocrx_word' id='word_1_29' title='bbox 1012 333 1168 375; x_wconf 74' lang='lat' dir='ltr'>vestra</span> <span class='ocrx_word' id='word_1_30' title='bbox 1193 328 1394 392; x_wconf 77' lang='lat' dir='ltr'>mogt&#39;s..</span> <span class='ocrx_word' id='word_1_31' title='bbox 1403 326 1532 382; x_wconf 83' lang='lat' dir='ltr'><em>.Gr.</em></span> <span class='ocrx_word' id='word_1_32' title='bbox 1553 283 1745 402; x_wconf 66' lang='lat' dir='ltr'>amplihs</span> 
     </span>
     <span class='ocr_line' id='line_1_5' title="bbox 170 402 1385 464; baseline 0.005 -15"><span class='ocrx_word' id='word_1_33' title='bbox 170 402 317 464; x_wconf 82' lang='lat' dir='ltr'>magis</span> <span class='ocrx_word' id='word_1_34' title='bbox 338 417 389 449; x_wconf 88' lang='lat' dir='ltr'>ac</span> <span class='ocrx_word' id='word_1_35' title='bbox 410 402 572 464; x_wconf 81' lang='lat' dir='ltr'>magis,</span> <span class='ocrx_word' id='word_1_36' title='bbox 599 409 691 451; x_wconf 90' lang='lat' dir='ltr'>etc.</span> <span class='ocrx_word' id='word_1_37' title='bbox 1379 441 1385 445; x_wconf 84' lang='lat'>-</span> 
     </span>
    </p>

    <p class='ocr_par' dir='ltr' id='par_1_4' title="bbox 170 442 1746 710">
     <span class='ocr_line' id='line_1_6' title="bbox 240 442 1745 551; baseline 0.009 -21"><span class='ocrx_word' id='word_1_38' title='bbox 240 475 448 531; x_wconf 82' lang='lat' dir='ltr'>Charitas</span> <span class='ocrx_word' id='word_1_39' title='bbox 463 480 717 531; x_wconf 78' lang='lat' dir='ltr'>insatiabile</span> <span class='ocrx_word' id='word_1_40' title='bbox 736 480 912 530; x_wconf 89' lang='lat' dir='ltr'>bonum</span> <span class='ocrx_word' id='word_1_41' title='bbox 925 489 1017 544; x_wconf 80' lang='lat' dir='ltr'>est,-</span> <span class='ocrx_word' id='word_1_42' title='bbox 1039 484 1100 533; x_wconf 85' lang='lat' dir='ltr'>ait</span> <span class='ocrx_word' id='word_1_43' title='bbox 1119 476 1196 533; x_wconf 88' lang='lat' dir='ltr'><em>D.</em></span> <span class='ocrx_word' id='word_1_44' title='bbox 1209 442 1362 551; x_wconf 71' lang='lat' dir='ltr'>Chr&gt;</span> <span class='ocrx_word' id='word_1_45' title='bbox 1349 443 1626 549; x_wconf 46' lang='lat' dir='ltr'>sodomus}</span> <span class='ocrx_word' id='word_1_46' title='bbox 1632 491 1745 548; x_wconf 74' lang='lat' dir='ltr'>nul-,-</span> 
     </span>
     <span class='ocr_line' id='line_1_7' title="bbox 171 558 1746 631; baseline 0.01 -24"><span class='ocrx_word' id='word_1_47' title='bbox 171 558 238 607; x_wconf 87' lang='lat' dir='ltr'>lus</span> <span class='ocrx_word' id='word_1_48' title='bbox 267 567 337 608; x_wconf 85' lang='lat' dir='ltr'>est</span> <span class='ocrx_word' id='word_1_49' title='bbox 373 558 507 622; x_wconf 84' lang='lat' dir='ltr'>hujus</span> <span class='ocrx_word' id='word_1_50' title='bbox 529 561 642 610; x_wconf 86' lang='lat' dir='ltr'>boni</span> <span class='ocrx_word' id='word_1_51' title='bbox 669 559 862 619; x_wconf 79' lang='lat' dir='ltr'>modus,</span> <span class='ocrx_word' id='word_1_52' title='bbox 893 560 1013 610; x_wconf 87' lang='lat' dir='ltr'>nulla</span> <span class='ocrx_word' id='word_1_53' title='bbox 1036 578 1247 611; x_wconf 86' lang='lat' dir='ltr'>mensura</span> <span class='ocrx_word' id='word_1_54' title='bbox 1273 575 1497 631; x_wconf 84' lang='lat' dir='ltr'>nusquam</span> <span class='ocrx_word' id='word_1_55' title='bbox 1523 559 1746 629; x_wconf 43' lang='lat' dir='ltr'>consimili</span> 
     </span>
     <span class='ocr_line' id='line_1_8' title="bbox 170 632 1746 710; baseline 0.008 -26"><span class='ocrx_word' id='word_1_56' title='bbox 170 632 300 684; x_wconf 85' lang='lat' dir='ltr'>Hinc</span> <span class='ocrx_word' id='word_1_57' title='bbox 330 645 431 684; x_wconf 86' lang='lat' dir='ltr'>orat</span> <span class='ocrx_word' id='word_1_58' title='bbox 467 633 717 703; x_wconf 86' lang='lat' dir='ltr'>Apostolus</span> <span class='ocrx_word' id='word_1_59' title='bbox 755 644 805 684; x_wconf 83' lang='lat' dir='ltr'>ut</span> <span class='ocrx_word' id='word_1_60' title='bbox 842 637 1053 686; x_wconf 74' lang='lat' dir='ltr'>chamas</span> <span class='ocrx_word' id='word_1_61' title='bbox 1092 635 1463 705; x_wconf 84' lang='lat' dir='ltr'>Philippensium</span> <span class='ocrx_word' id='word_1_62' title='bbox 1490 647 1642 710; x_wconf 77' lang='lat' dir='ltr'>magis</span> <span class='ocrx_word' id='word_1_63' title='bbox 1685 664 1746 695; x_wconf 80' lang='lat' dir='ltr'>ac</span> 
     </span>
    </p>
   </div>
   <div class='ocr_carea' id='block_1_4' title="bbox 160 714 1746 2507">
    <p class='ocr_par' dir='ltr' id='par_1_5' title="bbox 170 714 1746 857">
     <span class='ocr_line' id='line_1_9' title="bbox 170 714 1746 783; baseline 0.008 -22"><span class='ocrx_word' id='word_1_64' title='bbox 170 715 323 776; x_wconf 78' lang='lat' dir='ltr'>magis</span> <span class='ocrx_word' id='word_1_65' title='bbox 348 714 601 767; x_wconf 78' lang='lat' dir='ltr'>abundet...</span> <span class='ocrx_word' id='word_1_66' title='bbox 591 752 620 764; x_wconf 91' lang='lat'>..</span> <span class='ocrx_word' id='word_1_67' title='bbox 657 722 859 776; x_wconf 83' lang='lat' dir='ltr'>creseat,</span> <span class='ocrx_word' id='word_1_68' title='bbox 882 723 1142 779; x_wconf 79' lang='lat' dir='ltr'>accrescat,</span> <span class='ocrx_word' id='word_1_69' title='bbox 1179 730 1517 783; x_wconf 78' lang='lat' dir='ltr'>supercrescat,</span> <span class='ocrx_word' id='word_1_70' title='bbox 1562 725 1609 773; x_wconf 88' lang='lat' dir='ltr'>in</span> <span class='ocrx_word' id='word_1_71' title='bbox 1630 739 1746 773; x_wconf 88' lang='lat' dir='ltr'>mo·-</span> 
     </span>
     <span class='ocr_line' id='line_1_10' title="bbox 170 788 692 857; baseline 0.011 -19"><span class='ocrx_word' id='word_1_72' title='bbox 170 788 299 848; x_wconf 84' lang='lat' dir='ltr'>dum,</span> <span class='ocrx_word' id='word_1_73' title='bbox 324 808 462 857; x_wconf 89' lang='lat' dir='ltr'>supra</span> <span class='ocrx_word' id='word_1_74' title='bbox 485 793 692 844; x_wconf 88' lang='lat' dir='ltr'>modum.</span> 
     </span>
    </p>

    <p class='ocr_par' dir='ltr' id='par_1_6' title="bbox 170 864 1746 1010">
     <span class='ocr_line' id='line_1_11' title="bbox 239 864 1746 940; baseline 0.007 -23"><span class='ocrx_word' id='word_1_75' title='bbox 239 864 440 920; x_wconf 87' lang='lat' dir='ltr'>Oremus</span> <span class='ocrx_word' id='word_1_76' title='bbox 459 879 502 919; x_wconf 83' lang='lat' dir='ltr'>et</span> <span class='ocrx_word' id='word_1_77' title='bbox 525 888 610 920; x_wconf 90' lang='lat' dir='ltr'>nos</span> <span class='ocrx_word' id='word_1_78' title='bbox 623 887 705 937; x_wconf 88' lang='lat' dir='ltr'>pro</span> <span class='ocrx_word' id='word_1_79' title='bbox 724 871 859 919; x_wconf 91' lang='lat' dir='ltr'>nobis</span> <span class='ocrx_word' id='word_1_80' title='bbox 878 879 923 920; x_wconf 81' lang='lat' dir='ltr'>et</span> <span class='ocrx_word' id='word_1_81' title='bbox 943 888 1025 936; x_wconf 85' lang='lat' dir='ltr'>pro</span> <span class='ocrx_word' id='word_1_82' title='bbox 1045 870 1156 932; x_wconf 81' lang='lat' dir='ltr'>aliis,</span> <span class='ocrx_word' id='word_1_83' title='bbox 1174 878 1221 919; x_wconf 83' lang='lat' dir='ltr'>ut</span> <span class='ocrx_word' id='word_1_84' title='bbox 1239 880 1392 940; x_wconf 76' lang='lat' dir='ltr'>nostra</span> <span class='ocrx_word' id='word_1_85' title='bbox 1410 873 1603 926; x_wconf 76' lang='lat' dir='ltr'>charitas</span> <span class='ocrx_word' id='word_1_86' title='bbox 1619 893 1746 927; x_wconf 77' lang='lat' dir='ltr'>cres·</span> 
     </span>
     <span class='ocr_line' id='line_1_12' title="bbox 170 949 1679 1010; baseline 0.006 -14"><span class='ocrx_word' id='word_1_87' title='bbox 170 954 239 998; x_wconf 84' lang='lat' dir='ltr'>cat</span> <span class='ocrx_word' id='word_1_88' title='bbox 261 949 307 996; x_wconf 89' lang='lat' dir='ltr'>in</span> <span class='ocrx_word' id='word_1_89' title='bbox 325 949 515 1000; x_wconf 63' lang='lat' dir='ltr'>scientia</span> <span class='ocrx_word' id='word_1_90' title='bbox 538 971 549 1010; x_wconf 72' lang='grc' dir='ltr'>ς</span> <span class='ocrx_word' id='word_1_91' title='bbox 577 958 731 1000; x_wconf 83' lang='lat' dir='ltr'>nostra</span> <span class='ocrx_word' id='word_1_92' title='bbox 754 955 866 1000; x_wconf 80' lang='lat' dir='ltr'>vero</span> <span class='ocrx_word' id='word_1_93' title='bbox 892 953 1082 1001; x_wconf 87' lang='lat' dir='ltr'>seientia</span> <span class='ocrx_word' id='word_1_94' title='bbox 1122 957 1294 1000; x_wconf 84' lang='lat' dir='ltr'>crescat</span> <span class='ocrx_word' id='word_1_95' title='bbox 1312 952 1361 1000; x_wconf 90' lang='lat' dir='ltr'>in</span> <span class='ocrx_word' id='word_1_96' title='bbox 1382 949 1620 1005; x_wconf 67' lang='lat' dir='ltr'>charitate.</span> <span class='ocrx_word' id='word_1_97' title='bbox 1675 982 1679 990; x_wconf 81' lang='lat'><em>=</em></span> 
     </span>
    </p>

    <p class='ocr_par' dir='ltr' id='par_1_7' title="bbox 165 1021 1746 1168">
     <span class='ocr_line' id='line_1_13' title="bbox 236 1021 1746 1094; baseline 0.006 -22"><span class='ocrx_word' id='word_1_98' title='bbox 236 1021 446 1075; x_wconf 77' lang='lat' dir='ltr'>Charitas</span> <span class='ocrx_word' id='word_1_99' title='bbox 474 1035 630 1077; x_wconf 88' lang='lat' dir='ltr'>nostra</span> <span class='ocrx_word' id='word_1_100' title='bbox 655 1035 825 1078; x_wconf 80' lang='lat' dir='ltr'>crescat</span> <span class='ocrx_word' id='word_1_101' title='bbox 852 1029 899 1077; x_wconf 91' lang='lat' dir='ltr'>in</span> <span class='ocrx_word' id='word_1_102' title='bbox 925 1028 1143 1085; x_wconf 84' lang='lat' dir='ltr'>scientia;</span> <span class='ocrx_word' id='word_1_103' title='bbox 1171 1043 1233 1075; x_wconf 87' lang='lat' dir='ltr'>ne</span> <span class='ocrx_word' id='word_1_104' title='bbox 1256 1024 1669 1094; x_wconf 75' lang='lat' dir='ltr'>desecta-luminis,</span> <span class='ocrx_word' id='word_1_105' title='bbox 1695 1032 1746 1081; x_wconf 89' lang='lat' dir='ltr'>in</span> 
     </span>
     <span class='ocr_line' id='line_1_14' title="bbox 165 1098 1744 1168; baseline 0.006 -20"><span class='ocrx_word' id='word_1_106' title='bbox 165 1098 350 1150; x_wconf 83' lang='lat' dir='ltr'>foveam</span> <span class='ocrx_word' id='word_1_107' title='bbox 378 1103 590 1153; x_wconf 88' lang='lat' dir='ltr'>cadamus</span> <span class='ocrx_word' id='word_1_108' title='bbox 614 1106 718 1168; x_wconf 89' lang='lat' dir='ltr'>ipsi,</span> <span class='ocrx_word' id='word_1_109' title='bbox 743 1112 799 1154; x_wconf 84' lang='lat' dir='ltr'>et</span> <span class='ocrx_word' id='word_1_110' title='bbox 822 1105 1062 1154; x_wconf 87' lang='lat' dir='ltr'>nobiscum</span> <span class='ocrx_word' id='word_1_111' title='bbox 1089 1101 1201 1152; x_wconf 89' lang='lat' dir='ltr'>alios</span> <span class='ocrx_word' id='word_1_112' title='bbox 1223 1105 1488 1168; x_wconf 72' lang='lat' dir='ltr'>praecipites</span> <span class='ocrx_word' id='word_1_113' title='bbox 1500 1102 1744 1165; x_wconf 70' lang='lat' dir='ltr'>ducamus.</span> 
     </span>
    </p>

    <p class='ocr_par' dir='ltr' id='par_1_8' title="bbox 163 1176 1740 1322">
     <span class='ocr_line' id='line_1_15' title="bbox 232 1176 1740 1246; baseline 0.003 -17"><span class='ocrx_word' id='word_1_114' title='bbox 232 1176 430 1231; x_wconf 85' lang='lat' dir='ltr'>Scientia</span> <span class='ocrx_word' id='word_1_115' title='bbox 457 1186 568 1231; x_wconf 76' lang='lat' dir='ltr'>vero</span> <span class='ocrx_word' id='word_1_116' title='bbox 594 1189 750 1231; x_wconf 80' lang='lat' dir='ltr'>nostra</span> <span class='ocrx_word' id='word_1_117' title='bbox 773 1189 944 1231; x_wconf 86' lang='lat' dir='ltr'>crescat</span> <span class='ocrx_word' id='word_1_118' title='bbox 963 1184 1007 1229; x_wconf 88' lang='lat' dir='ltr'>in</span> <span class='ocrx_word' id='word_1_119' title='bbox 1034 1179 1327 1230; x_wconf 76' lang='lat' dir='ltr'>charitateut</span> <span class='ocrx_word' id='word_1_120' title='bbox 1362 1179 1581 1246; x_wconf 79' lang='lat' dir='ltr'>aedificet‚</span> <span class='ocrx_word' id='word_1_121' title='bbox 1608 1191 1655 1233; x_wconf 82' lang='lat' dir='ltr'>et</span> <span class='ocrx_word' id='word_1_122' title='bbox 1679 1184 1740 1234; x_wconf 84' lang='lat' dir='ltr'>ad</span> 
     </span>
     <span class='ocr_line' id='line_1_16' title="bbox 163 1250 1742 1332; baseline 0.004 -29"><span class='ocrx_word' id='word_1_123' title='bbox 163 1250 257 1304; x_wconf 86' lang='lat' dir='ltr'>Dei</span> <span class='ocrx_word' id='word_1_124' title='bbox 277 1255 464 1332; x_wconf 77' lang='lat' dir='ltr'>gloriam</span> <span class='ocrx_word' id='word_1_125' title='bbox 486 1257 651 1307; x_wconf 82' lang='lat' dir='ltr'>fructus</span> <span class='ocrx_word' id='word_1_126' title='bbox 664 1260 847 1322; x_wconf 74' lang='lat' dir='ltr'>jusiitiae</span> <span class='ocrx_word' id='word_1_127' title='bbox 865 1260 914 1308; x_wconf 91' lang='lat' dir='ltr'>in</span> <span class='ocrx_word' id='word_1_128' title='bbox 927 1259 1062 1306; x_wconf 84' lang='lat' dir='ltr'>nohis</span> <span class='ocrx_word' id='word_1_129' title='bbox 1079 1265 1122 1306; x_wconf 85' lang='lat' dir='ltr'>et</span> <span class='ocrx_word' id='word_1_130' title='bbox 1141 1258 1188 1307; x_wconf 89' lang='lat' dir='ltr'>in</span> <span class='ocrx_word' id='word_1_131' title='bbox 1206 1255 1302 1306; x_wconf 87' lang='lat' dir='ltr'>aliis</span> <span class='ocrx_word' id='word_1_132' title='bbox 1306 1254 1742 1322; x_wconf 63' lang='grc' dir='ltr'>Εειᾶῑῑιῑιιιιιᾶιιιιιει.</span> 
     </span>
    </p>

    <p class='ocr_par' dir='ltr' id='par_1_9' title="bbox 233 1326 959 1401">
     <span class='ocr_line' id='line_1_17' title="bbox 233 1326 959 1401; baseline -0.001 -17"><span class='ocrx_word' id='word_1_133' title='bbox 233 1326 290 1384; x_wconf 61' lang='grc' dir='ltr'><strong>Ῠ.</strong></span> <span class='ocrx_word' id='word_1_134' title='bbox 322 1353 400 1386; x_wconf 88' lang='grc' dir='ltr'>ιο.</span> <span class='ocrx_word' id='word_1_135' title='bbox 429 1337 705 1401; x_wconf 72' lang='lat' dir='ltr'>Utprobetts</span> <span class='ocrx_word' id='word_1_136' title='bbox 723 1338 959 1397; x_wconf 69' lang='lat' dir='ltr'>potiora...</span> 
     </span>
    </p>

    <p class='ocr_par' dir='ltr' id='par_1_10' title="bbox 164 1372 1741 1544">
     <span class='ocr_line' id='line_1_18' title="bbox 186 1372 1741 1473; baseline 0 -10"><span class='ocrx_word' id='word_1_137' title='bbox 186 1410 418 1466; x_wconf 86' lang='lat' dir='ltr'>Primus</span> <span class='ocrx_word' id='word_1_138' title='bbox 445 1416 543 1466; x_wconf 86' lang='lat' dir='ltr'>talis</span> <span class='ocrx_word' id='word_1_139' title='bbox 578 1419 780 1473; x_wconf 79' lang='lat' dir='ltr'>scientiae</span> <span class='ocrx_word' id='word_1_140' title='bbox 804 1425 852 1468; x_wconf 87' lang='lat' dir='ltr'>et</span> <span class='ocrx_word' id='word_1_141' title='bbox 874 1415 1100 1467; x_wconf 87' lang='lat' dir='ltr'>charitatis</span> <span class='ocrx_word' id='word_1_142' title='bbox 1126 1414 1317 1466; x_wconf 73' lang='lat' dir='ltr'>effectus</span> <span class='ocrx_word' id='word_1_143' title='bbox 1338 1422 1412 1466; x_wconf 85' lang='lat' dir='ltr'>est</span> <span class='ocrx_word' id='word_1_144' title='bbox 1429 1372 1622 1472; x_wconf 70' lang='lat' dir='ltr'>meliora</span> <span class='ocrx_word' id='word_1_145' title='bbox 1645 1416 1741 1469; x_wconf 85' lang='lat' dir='ltr'>dis-</span> 
     </span>
     <span class='ocr_line' id='line_1_19' title="bbox 164 1511 1375 1547; baseline -0.003 -3"><span class='ocrx_word' id='word_1_146' title='bbox 164 1511 369 1547; x_wconf 86' lang='lat' dir='ltr'>cernere.</span> <span class='ocrx_word' id='word_1_147' title='bbox 1367 1536 1375 1540; x_wconf 76' lang='grc'><strong><em>,</em></strong></span> 
     </span>
    </p>

    <p class='ocr_par' dir='ltr' id='par_1_11' title="bbox 160 1537 1740 1869">
     <span class='ocr_line' id='line_1_20' title="bbox 239 1537 1740 1640; baseline 0.001 -18"><span class='ocrx_word' id='word_1_148' title='bbox 239 1573 303 1622; x_wconf 82' lang='lat' dir='ltr'>Ut</span> <span class='ocrx_word' id='word_1_149' title='bbox 331 1576 433 1624; x_wconf 71' lang='lat' dir='ltr'>si&#39;tzs</span> <span class='ocrx_word' id='word_1_150' title='bbox 452 1574 922 1640; x_wconf 76' lang='lat' dir='ltr'>S1“ncer1.SecundUS‚</span> <span class='ocrx_word' id='word_1_151' title='bbox 963 1589 1121 1640; x_wconf 87' lang='lat' dir='ltr'>puram</span> <span class='ocrx_word' id='word_1_152' title='bbox 1146 1573 1203 1623; x_wconf 90' lang='lat' dir='ltr'>ad</span> <span class='ocrx_word' id='word_1_153' title='bbox 1236 1537 1395 1624; x_wconf 89' lang='lat' dir='ltr'>Deum</span> <span class='ocrx_word' id='word_1_154' title='bbox 1418 1572 1592 1627; x_wconf 81' lang='lat' dir='ltr'>habere</span> <span class='ocrx_word' id='word_1_155' title='bbox 1614 1589 1740 1623; x_wconf 90' lang='lat' dir='ltr'>con-</span> 
     </span>
     <span class='ocr_line' id='line_1_21' title="bbox 160 1653 1457 1716; baseline -0.001 -15"><span class='ocrx_word' id='word_1_156' title='bbox 160 1653 430 1703; x_wconf 88' lang='lat' dir='ltr'>scientiam:</span> <span class='ocrx_word' id='word_1_157' title='bbox 470 1658 710 1716; x_wconf 84' lang='lat' dir='ltr'>sinceram,</span> <span class='ocrx_word' id='word_1_158' title='bbox 749 1654 870 1704; x_wconf 92' lang='lat' dir='ltr'>nullo</span> <span class='ocrx_word' id='word_1_159' title='bbox 909 1669 1062 1704; x_wconf 87' lang='lat' dir='ltr'>errore</span> <span class='ocrx_word' id='word_1_160' title='bbox 1086 1653 1552 1706; x_wconf 82' lang='lat' dir='ltr'>contaminatam.</span> 
     </span>
     <span class='ocr_line' id='line_1_22' title="bbox 185 1731 1740 1808; baseline -0.005 -20"><span class='ocrx_word' id='word_1_161' title='bbox 185 1800 187 1808; x_wconf 12' lang='grc' dir='ltr'>η</span> <span class='ocrx_word' id='word_1_162' title='bbox 231 1733 294 1788; x_wconf 76' lang='grc' dir='ltr'>Εἰ</span> <span class='ocrx_word' id='word_1_163' title='bbox 314 1735 413 1788; x_wconf 78' lang='lat' dir='ltr'>sine</span> <span class='ocrx_word' id='word_1_164' title='bbox 434 1759 632 1802; x_wconf 70' lang='lat' dir='ltr'>offensu.</span> <span class='ocrx_word' id='word_1_165' title='bbox 641 1776 668 1789; x_wconf 92' lang='lat'>..</span> <span class='ocrx_word' id='word_1_166' title='bbox 689 1731 896 1799; x_wconf 67' lang='lat' dir='ltr'>Tetiius,</span> <span class='ocrx_word' id='word_1_167' title='bbox 920 1734 1020 1786; x_wconf 78' lang='lat' dir='ltr'>sine</span> <span class='ocrx_word' id='word_1_168' title='bbox 1042 1732 1320 1786; x_wconf 71' lang='lat' dir='ltr'>offendiculo</span> <span class='ocrx_word' id='word_1_169' title='bbox 1342 1732 1576 1785; x_wconf 78' lang='lat' dir='ltr'>ambulare</span> <span class='ocrx_word' id='word_1_170' title='bbox 1595 1750 1740 1798; x_wconf 79' lang='lat' dir='ltr'>usque</span> 
     </span>
     <span class='ocr_line' id='line_1_23' title="bbox 165 1814 1469 1869; baseline -0.008 -2"><span class='ocrx_word' id='word_1_171' title='bbox 165 1823 213 1869; x_wconf 88' lang='lat' dir='ltr'>in</span> <span class='ocrx_word' id='word_1_172' title='bbox 238 1819 361 1867; x_wconf 71' lang='lat' dir='ltr'>daem</span> <span class='ocrx_word' id='word_1_173' title='bbox 395 1814 590 1867; x_wconf 66' lang='lat' dir='ltr'>Christi.</span> <span class='ocrx_word' id='word_1_174' title='bbox 1466 1843 1469 1848; x_wconf 85' lang='lat'><em>-</em></span> 
     </span>
    </p>

    <p class='ocr_par' dir='ltr' id='par_1_12' title="bbox 162 1889 1738 2029">
     <span class='ocr_line' id='line_1_24' title="bbox 229 1889 1738 1963; baseline -0.009 -8"><span class='ocrx_word' id='word_1_175' title='bbox 229 1895 288 1955; x_wconf 53' lang='lat' dir='ltr'>f·</span> <span class='ocrx_word' id='word_1_176' title='bbox 326 1919 346 1950; x_wconf 90' lang='lat'><em>1</em></span> <span class='ocrx_word' id='word_1_177' title='bbox 362 1920 403 1951; x_wconf 89' lang='lat'><em>1.</em></span> <span class='ocrx_word' id='word_1_178' title='bbox 430 1900 616 1963; x_wconf 81' lang='lat' dir='ltr'>Repletz</span> <span class='ocrx_word' id='word_1_179' title='bbox 625 1894 680 1962; x_wconf 72' lang='lat' dir='ltr'>st·</span> <span class='ocrx_word' id='word_1_180' title='bbox 680 1906 787 1948; x_wconf 65' lang='lat' dir='ltr'>rectu</span> <span class='ocrx_word' id='word_1_181' title='bbox 811 1897 1055 1959; x_wconf 55' lang='lat' dir='ltr'>justitae..</span> <span class='ocrx_word' id='word_1_182' title='bbox 1077 1891 1295 1958; x_wconf 77' lang='lat' dir='ltr'>Quartus,</span> <span class='ocrx_word' id='word_1_183' title='bbox 1315 1894 1494 1958; x_wconf 73' lang='lat' dir='ltr'>justitiae</span> <span class='ocrx_word' id='word_1_184' title='bbox 1517 1889 1738 1946; x_wconf 62' lang='lat' dir='ltr'>{fructibus</span> 
     </span>
     <span class='ocr_line' id='line_1_25' title="bbox 162 1978 1686 2029; baseline -0.008 0"><span class='ocrx_word' id='word_1_185' title='bbox 162 1978 412 2029; x_wconf 84' lang='lat' dir='ltr'>abundare.</span> <span class='ocrx_word' id='word_1_186' title='bbox 1682 2000 1686 2004; x_wconf 90' lang='lat'><em>·</em></span> 
     </span>
    </p>

    <p class='ocr_par' dir='ltr' id='par_1_13' title="bbox 163 1992 1735 2202">
     <span class='ocr_line' id='line_1_26' title="bbox 232 1992 1735 2123; baseline -0.007 -14"><span class='ocrx_word' id='word_1_187' title='bbox 232 2061 294 2109; x_wconf 85' lang='lat' dir='ltr'>In</span> <span class='ocrx_word' id='word_1_188' title='bbox 316 2060 513 2123; x_wconf 74' lang='lat' dir='ltr'>gloriam</span> <span class='ocrx_word' id='word_1_189' title='bbox 539 2067 585 2107; x_wconf 83' lang='lat' dir='ltr'>et</span> <span class='ocrx_word' id='word_1_190' title='bbox 615 2058 799 2106; x_wconf 79' lang='lat' dir='ltr'>laudem</span> <span class='ocrx_word' id='word_1_191' title='bbox 831 2057 932 2106; x_wconf 83' lang='lat' dir='ltr'>Dei.</span> <span class='ocrx_word' id='word_1_192' title='bbox 963 2053 1191 2118; x_wconf 58' lang='lat' dir='ltr'>Quintus»,</span> <span class='ocrx_word' id='word_1_193' title='bbox 1219 2050 1375 2103; x_wconf 88' lang='lat' dir='ltr'>Deum</span> <span class='ocrx_word' id='word_1_194' title='bbox 1396 2051 1612 2101; x_wconf 74' lang='lat' dir='ltr'>continue</span> <span class='ocrx_word' id='word_1_195' title='bbox 1633 1992 1735 2113; x_wconf 79' lang='lat' dir='ltr'>glo·</span> 
     </span>
     <span class='ocr_line' id='line_1_27' title="bbox 163 2131 1590 2202; baseline -0.008 -14"><span class='ocrx_word' id='word_1_196' title='bbox 163 2138 367 2198; x_wconf 83' lang='lat' dir='ltr'>rificare</span> <span class='ocrx_word' id='word_1_197' title='bbox 395 2138 534 2202; x_wconf 89' lang='lat' dir='ltr'>idque</span> <span class='ocrx_word' id='word_1_198' title='bbox 559 2153 698 2186; x_wconf 85' lang='lat' dir='ltr'>omne</span> <span class='ocrx_word' id='word_1_199' title='bbox 717 2153 800 2200; x_wconf 84' lang='lat' dir='ltr'>per·</span> <span class='ocrx_word' id='word_1_200' title='bbox 819 2132 981 2183; x_wconf 81' lang='lat' dir='ltr'>Jesum</span> <span class='ocrx_word' id='word_1_201' title='bbox 1016 2131 1272 2180; x_wconf 81' lang='lat' dir='ltr'>Christum.</span> <span class='ocrx_word' id='word_1_202' title='bbox 1587 2146 1590 2148; x_wconf 66' lang='grc'>’</span> 
     </span>
    </p>

    <p class='ocr_par' dir='ltr' id='par_1_14' title="bbox 232 2206 1019 2266">
     <span class='ocr_line' id='line_1_28' title="bbox 232 2206 1019 2266; baseline -0.011 0"><span class='ocrx_word' id='word_1_203' title='bbox 232 2206 291 2266; x_wconf 56' lang='lat' dir='ltr'>fi,</span> <span class='ocrx_word' id='word_1_204' title='bbox 322 2215 548 2264; x_wconf 77' lang='lat' dir='ltr'>12.S01re</span> <span class='ocrx_word' id='word_1_205' title='bbox 570 2222 727 2261; x_wconf 78' lang='lat' dir='ltr'>autem</span> <span class='ocrx_word' id='word_1_206' title='bbox 753 2230 836 2261; x_wconf 72' lang='lat' dir='ltr'>vos</span> <span class='ocrx_word' id='word_1_207' title='bbox 863 2211 1019 2260; x_wconf 77' lang='lat' dir='ltr'><em>volo...</em></span> 
     </span>
    </p>

    <p class='ocr_par' dir='ltr' id='par_1_15' title="bbox 164 2280 1738 2507">
     <span class='ocr_line' id='line_1_29' title="bbox 229 2280 1736 2360; baseline -0.009 -17"><span class='ocrx_word' id='word_1_208' title='bbox 229 2291 556 2360; x_wconf 86' lang='lat' dir='ltr'>Philippenses</span> <span class='ocrx_word' id='word_1_209' title='bbox 584 2289 871 2357; x_wconf 88' lang='lat' dir='ltr'>Epaphrodit</span> <span class='ocrx_word' id='word_1_210' title='bbox 908 2307 952 2340; x_wconf 91' lang='lat' dir='ltr'>m</span> <span class='ocrx_word' id='word_1_211' title='bbox 986 2289 1203 2337; x_wconf 86' lang='lat' dir='ltr'>miserant</span> <span class='ocrx_word' id='word_1_212' title='bbox 1230 2285 1288 2336; x_wconf 87' lang='lat' dir='ltr'>ad</span> <span class='ocrx_word' id='word_1_213' title='bbox 1323 2280 1560 2335; x_wconf 86' lang='lat' dir='ltr'>Paulum</span> <span class='ocrx_word' id='word_1_214' title='bbox 1547 2297 1596 2331; x_wconf 86' lang='lat' dir='ltr'>m</span> <span class='ocrx_word' id='word_1_215' title='bbox 1623 2280 1736 2332; x_wconf 82' lang='lat' dir='ltr'>vin-</span> 
     </span>
     <span class='ocr_line' id='line_1_30' title="bbox 165 2355 1737 2434; baseline -0.01 -12"><span class='ocrx_word' id='word_1_216' title='bbox 165 2370 274 2422; x_wconf 87' lang='lat' dir='ltr'>culis</span> <span class='ocrx_word' id='word_1_217' title='bbox 293 2379 342 2420; x_wconf 83' lang='lat' dir='ltr'>ut</span> <span class='ocrx_word' id='word_1_218' title='bbox 370 2372 537 2421; x_wconf 84' lang='lat' dir='ltr'>scirent</span> <span class='ocrx_word' id='word_1_219' title='bbox 561 2385 650 2434; x_wconf 90' lang='lat' dir='ltr'>quo</span> <span class='ocrx_word' id='word_1_220' title='bbox 682 2367 785 2417; x_wconf 90' lang='lat' dir='ltr'>loco</span> <span class='ocrx_word' id='word_1_221' title='bbox 811 2367 885 2415; x_wconf 74' lang='lat' dir='ltr'>res</span> <span class='ocrx_word' id='word_1_222' title='bbox 921 2368 1017 2426; x_wconf 74' lang='lat' dir='ltr'>ejus</span> <span class='ocrx_word' id='word_1_223' title='bbox 1049 2372 1236 2425; x_wconf 83' lang='lat' dir='ltr'>essent,</span> <span class='ocrx_word' id='word_1_224' title='bbox 1265 2365 1325 2412; x_wconf 85' lang='lat' dir='ltr'>ait</span> <span class='ocrx_word' id='word_1_225' title='bbox 1354 2358 1421 2411; x_wconf 91' lang='lat' dir='ltr'>D.</span> <span class='ocrx_word' id='word_1_226' title='bbox 1444 2355 1737 2424; x_wconf 78' lang='lat' dir='ltr'>chrysosto-</span> 
     </span>
     <span class='ocr_line' id='line_1_31' title="bbox 164 2432 1738 2507; baseline -0.011 -9"><span class='ocrx_word' id='word_1_227' title='bbox 164 2465 304 2498; x_wconf 89' lang='lat' dir='ltr'>mus·</span> <span class='ocrx_word' id='word_1_228' title='bbox 329 2447 468 2506; x_wconf 88' lang='lat' dir='ltr'>hinc,</span> <span class='ocrx_word' id='word_1_229' title='bbox 498 2447 650 2496; x_wconf 87' lang='lat' dir='ltr'>statim</span> <span class='ocrx_word' id='word_1_230' title='bbox 681 2444 737 2494; x_wconf 87' lang='lat' dir='ltr'>ab</span> <span class='ocrx_word' id='word_1_231' title='bbox 766 2445 894 2494; x_wconf 85' lang='lat' dir='ltr'>initio</span> <span class='ocrx_word' id='word_1_232' title='bbox 924 2441 1058 2504; x_wconf 83' lang='lat' dir='ltr'>hujus</span> <span class='ocrx_word' id='word_1_233' title='bbox 1085 2439 1323 2507; x_wconf 65' lang='lat' dir='ltr'>epistolae,</span> <span class='ocrx_word' id='word_1_234' title='bbox 1359 2433 1428 2487; x_wconf 89' lang='lat' dir='ltr'>D.</span> <span class='ocrx_word' id='word_1_235' title='bbox 1455 2432 1655 2497; x_wconf 87' lang='lat' dir='ltr'>Paulus,</span> <span class='ocrx_word' id='word_1_236' title='bbox 1687 2439 1738 2482; x_wconf 84' lang='lat' dir='ltr'>ut</span> 
     </span>
    </p>
   </div>
   <div class='ocr_carea' id='block_1_5' title="bbox 163 2511 1739 2900">
    <p class='ocr_par' dir='ltr' id='par_1_16' title="bbox 163 2511 1736 2672">
     <span class='ocr_line' id='line_1_32' title="bbox 163 2511 1736 2613; baseline -0.011 -37"><span class='ocrx_word' id='word_1_237' title='bbox 163 2525 542 2613; x_wconf 86' lang='lat' dir='ltr'>Philippensibus</span> <span class='ocrx_word' id='word_1_238' title='bbox 568 2522 839 2585; x_wconf 80' lang='lat' dir='ltr'>satisfaciat,</span> <span class='ocrx_word' id='word_1_239' title='bbox 866 2524 954 2582; x_wconf 83' lang='lat' dir='ltr'>ait,</span> <span class='ocrx_word' id='word_1_240' title='bbox 988 2524 1105 2570; x_wconf 79' lang='lat' dir='ltr'>scire</span> <span class='ocrx_word' id='word_1_241' title='bbox 1134 2528 1292 2569; x_wconf 78' lang='lat' dir='ltr'>autem</span> <span class='ocrx_word' id='word_1_242' title='bbox 1326 2531 1412 2567; x_wconf 70' lang='lat' dir='ltr'>vos</span> <span class='ocrx_word' id='word_1_243' title='bbox 1441 2514 1577 2572; x_wconf 75' lang='lat' dir='ltr'>volo,</span> <span class='ocrx_word' id='word_1_244' title='bbox 1625 2511 1736 2578; x_wconf 78' lang='lat' dir='ltr'>quia</span> 
     </span>
     <span class='ocr_line' id='line_1_33' title="bbox 165 2598 1351 2672; baseline -0.01 -18"><span class='ocrx_word' id='word_1_245' title='bbox 165 2622 269 2672; x_wconf 79' lang='lat' dir='ltr'>quoe</span> <span class='ocrx_word' id='word_1_246' title='bbox 299 2621 427 2652; x_wconf 63' lang='lat' dir='ltr'>circa</span> <span class='ocrx_word' id='word_1_247' title='bbox 456 2621 530 2651; x_wconf 83' lang='lat' dir='ltr'>me</span> <span class='ocrx_word' id='word_1_248' title='bbox 549 2609 690 2660; x_wconf 83' lang='lat' dir='ltr'>sunt,</span> <span class='ocrx_word' id='word_1_249' title='bbox 727 2598 773 2648; x_wconf 89' lang='lat' dir='ltr'>id</span> <span class='ocrx_word' id='word_1_250' title='bbox 800 2606 898 2657; x_wconf 86' lang='lat' dir='ltr'>est,</span> <span class='ocrx_word' id='word_1_251' title='bbox 928 2614 1001 2647; x_wconf 89' lang='lat' dir='ltr'>res</span> <span class='ocrx_word' id='word_1_252' title='bbox 1028 2613 1172 2656; x_wconf 86' lang='lat' dir='ltr'>meae,</span> <span class='ocrx_word' id='word_1_253' title='bbox 1203 2602 1290 2646; x_wconf 83' lang='lat' dir='ltr'>ete</span> <span class='ocrx_word' id='word_1_254' title='bbox 1345 2600 1351 2604; x_wconf 72' lang='grc'><em>’</em></span> 
     </span>
    </p>

    <p class='ocr_par' dir='ltr' id='par_1_17' title="bbox 164 2662 1739 2899">
     <span class='ocr_line' id='line_1_34' title="bbox 234 2662 1737 2741; baseline -0.013 -10"><span class='ocrx_word' id='word_1_255' title='bbox 234 2679 278 2731; x_wconf 86' lang='lat' dir='ltr'>V</span> <span class='ocrx_word' id='word_1_256' title='bbox 282 2681 439 2731; x_wconf 88' lang='lat' dir='ltr'>inculis</span> <span class='ocrx_word' id='word_1_257' title='bbox 473 2677 603 2729; x_wconf 87' lang='lat' dir='ltr'>Pauli</span> <span class='ocrx_word' id='word_1_258' title='bbox 631 2679 771 2728; x_wconf 76' lang='lat' dir='ltr'>teriiti</span> <span class='ocrx_word' id='word_1_259' title='bbox 795 2672 1118 2741; x_wconf 86' lang='lat' dir='ltr'>Philippenses</span> <span class='ocrx_word' id='word_1_260' title='bbox 1145 2672 1369 2722; x_wconf 81' lang='lat' dir='ltr'>timebant</span> <span class='ocrx_word' id='word_1_261' title='bbox 1388 2684 1447 2717; x_wconf 88' lang='lat' dir='ltr'>ne</span> <span class='ocrx_word' id='word_1_262' title='bbox 1468 2664 1580 2725; x_wconf 89' lang='lat' dir='ltr'>illis,</span> <span class='ocrx_word' id='word_1_263' title='bbox 1610 2662 1737 2728; x_wconf 89' lang='lat' dir='ltr'>quasi</span> 
     </span>
     <span class='ocr_line' id='line_1_35' title="bbox 164 2738 1739 2820; baseline -0.014 -12"><span class='ocrx_word' id='word_1_264' title='bbox 164 2760 384 2818; x_wconf 77' lang='lat' dir='ltr'>remotiS,</span> <span class='ocrx_word' id='word_1_265' title='bbox 413 2754 652 2820; x_wconf 80' lang='lat' dir='ltr'>Evangelii</span> <span class='ocrx_word' id='word_1_266' title='bbox 687 2755 951 2819; x_wconf 83' lang='lat' dir='ltr'>propagatio</span> <span class='ocrx_word' id='word_1_267' title='bbox 978 2751 1304 2805; x_wconf 87' lang='lat' dir='ltr'>retardaretur;</span> <span class='ocrx_word' id='word_1_268' title='bbox 1340 2742 1450 2794; x_wconf 88' lang='lat' dir='ltr'>hinc</span> <span class='ocrx_word' id='word_1_269' title='bbox 1487 2748 1536 2791; x_wconf 84' lang='lat' dir='ltr'>nt</span> <span class='ocrx_word' id='word_1_270' title='bbox 1571 2738 1739 2794; x_wconf 81' lang='lat' dir='ltr'>soletur</span> 
     </span>
     <span class='ocr_line' id='line_1_36' title="bbox 164 2819 1737 2900; baseline -0.015 -13"><span class='ocrx_word' id='word_1_271' title='bbox 164 2854 279 2900; x_wconf 81' lang='lat' dir='ltr'>eos,</span> <span class='ocrx_word' id='word_1_272' title='bbox 306 2836 413 2886; x_wconf 84' lang='lat' dir='ltr'>dicit</span> <span class='ocrx_word' id='word_1_273' title='bbox 433 2832 557 2899; x_wconf 77' lang='lat' dir='ltr'>quod</span> <span class='ocrx_word' id='word_1_274' title='bbox 576 2835 750 2882; x_wconf 77' lang='lat' dir='ltr'>tantum</span> <span class='ocrx_word' id='word_1_275' title='bbox 773 2832 900 2881; x_wconf 86' lang='lat' dir='ltr'>abest</span> <span class='ocrx_word' id='word_1_276' title='bbox 920 2837 964 2879; x_wconf 91' lang='lat' dir='ltr'>ut</span> <span class='ocrx_word' id='word_1_277' title='bbox 990 2827 1167 2879; x_wconf 90' lang='lat' dir='ltr'>vincula</span> <span class='ocrx_word' id='word_1_278' title='bbox 1187 2843 1264 2876; x_wconf 85' lang='lat' dir='ltr'>sua</span> <span class='ocrx_word' id='word_1_279' title='bbox 1286 2819 1540 2886; x_wconf 82' lang='lat' dir='ltr'>Evangelio</span> <span class='ocrx_word' id='word_1_280' title='bbox 1559 2829 1737 2869; x_wconf 81' lang='lat' dir='ltr'>nocue-</span> 
     </span>
    </p>
   </div>
   <div class='ocr_carea' id='block_1_6' title="bbox 163 2907 830 2980">
    <p class='ocr_par' dir='ltr' id='par_1_18' title="bbox 163 2907 830 2980">
     <span class='ocr_line' id='line_1_37' title="bbox 163 2907 830 2980; baseline -0.012 -16"><span class='ocrx_word' id='word_1_281' title='bbox 163 2917 285 2977; x_wconf 83' lang='lat' dir='ltr'>rint,</span> <span class='ocrx_word' id='word_1_282' title='bbox 318 2914 524 2980; x_wconf 74' lang='lat' dir='ltr'>quinimo</span> <span class='ocrx_word' id='word_1_283' title='bbox 549 2907 830 2976; x_wconf 82' lang='lat' dir='ltr'>prosuerunt.</span> 
     </span>
    </p>
   </div>
  </div>
 </body>
</html>
