1800 3158
150 52 254 107 358
324 66 325 70 ’
445 97 447 101 2
554 72 820 113 msa-omn
855 76 929 114 An
962 79 1318 121 corossnusns

151 138 432 210 uitionem,
452 142 747 199 secundum
767 143 1057 220 imaginem
1078 150 1192 220 ejus
1212 151 1303 222 qui
1325 152 1523 209 creavit
1543 153 1716 222 illum

222 322 244 354 ι
260 323 304 354 1··
332 297 447 354 Ubi
467 320 577 355 non
599 312 678 356 est
701 300 922 359 Gentilis
947 315 999 360 et
1030 307 1064 359 J
1070 306 1248 363 udaeus
1266 348 1280 375 ‚
1309 307 1645 366 circumcisio
1669 319 1726 366 et

148 386 499 457 praeputium,
523 388 801 446 Barbarus
824 401 876 446 et
896 391 1125 463 Scytha,
1153 414 1335 452 servus
1359 409 1408 452 et
1428 395 1591 468 liber,
1626 398 1722 455 sed

112 471 129 485 ⁴
150 473 331 531 omnia
355 487 406 531 ct
431 473 485 530 in
510 475 759 533 omnibus
787 476 1050 537 Christus.

225 641 302 672 12.
327 609 538 670 Induite
564 636 658 672 vos
696 637 825 686 ergo
862 615 998 673 sicut
1021 617 1173 674 electi
1195 620 1338 689 Dei,
1367 620 1534 677 sancti
1554 633 1606 677 et
1628 621 1721 679 di-

148 704 301 776 lecti,
325 705 527 762 viscera
565 706 969 775 misericordiae,
1001 707 1413 781 benignitatem,
1437 708 1720 767 humilita-

149 805 294 865 tem,
313 796 663 866 modestiam,
696 795 1037 867 patientiam3
1680 810 1684 814 '

104 932 130 943 ο

226 928 307 980 13.
346 925 735 996 Supportantes
767 924 1030 997 invicem,
1069 937 1120 982 et
1150 926 1410 984 donantes
1426 926 1722 986 vobismet-

147 1010 314 1083 ipsis,
352 1012 397 1068 si
435 1013 553 1082 quis
582 1013 833 1071 adversus
876 1013 1111 1083 aliquem
1138 1012 1296 1069 habet
1319 1010 1618 1084 querelam:
1640 1014 1721 1074 si-

148 1114 311 1159 cut-et
335 1102 608 1160 Dominus
634 1102 855 1158 donavit
874 1103 1023 1159 vobis
1043 1147 1055 1172 ‚
1077 1104 1150 1161 ita
1168 1115 1219 1159 et
1242 1123 1352 1160 vOS.
1712 1173 1716 1176 ᾖ

222 1200 302 1262 14.
339 1195 513 1263 Super
538 1191 716 1249 omnia
754 1204 931 1248 autem
965 1190 1110 1262 haec,
1152 1190 1465 1248 charitatem
1492 1192 1715 1263 habete,

151 1283 297 1355 quod
319 1296 394 1340 est
418 1283 691 1339 vinculum
721 1280 1089 1352 perfectionis:

226 1381 305 1432 15.
345 1374 412 1429 Et
447 1393 548 1444 pax
586 1369 784 1428 Christi
813 1371 1007 1427 exultet
1039 1370 1096 1426 in
1131 1368 1379 1427 cordibus
1406 1369 1623 1441 vestris,
1662 1369 1721 1426 in

152 1465 256 1535 qua
285 1475 336 1520 et
357 1462 530 1540 vocati
552 1462 675 1518 estis
694 1461 746 1516 in
771 1482 879 1518 uno
902 1481 1124 1531 corpore
1144 1485 1160 1514 .-
1185 1471 1235 1516 et
1260 1458 1392 1533 grati
1417 1470 1602 1517 estote.

227 1617 305 1670 16.
331 1611 570 1669 Verbum
597 1609 796 1666 Christi
835 1608 1033 1665 habitet
1060 1609 1114 1664 in
1136 1607 1286 1666 vobis
1309 1594 1641 1664 abundanter
1665 1605 1725 1663 in
1791 1646 1796 1650 -

154 1700 304 1758 omni
326 1699 611 1771 sapientia,
639 1699 889 1778 docentes
919 1711 969 1753 et
1005 1709 1406 1754 commonentes
1430 1691 1724 1765 vosmetip-
1782 1692 1800 1761 ‘f

153 1809 241 1846 sos
295 1785 545 1858 psalmis,
588 1786 802 1858 hymnis
846 1798 898 1842 et
959 1784 1179 1841 canticis
1222 1782 1621 1854 spiritualibus,
1663 1781 1724 1838 in

153 1878 314 1951 gratia
338 1889 609 1933 cantantes
634 1874 689 1930 in
712 1874 957 1932 cordibus
976 1873 1162 1930 vestris
1182 1872 1325 1929 Deo,
1775 1862 1781 1866 ⁸

225 1994 304 2044 ¹7·
350 1970 534 2024 Omne
577 1965 950 2036 quodcumque
994 1961 1163 2018 facitis
1207 1960 1265 2016 in
1305 1960 1502 2027 verbo,
1539 1969 1631 2014 aut
1662 1956 1723 2014 in

152 2077 345 2128 opere,
375 2053 556 2112 omnia
577 2053 634 2109 in
657 2052 874 2109 nomine
891 2048 1117 2107 Domini
1135 2052 1260 2106 Jesu
1279 2045 1478 2104 Christi
1493 2089 1508 2117 ,
1527 2043 1723 2118 gratias

152 2157 367 2221 agentes
390 2145 514 2201 Deo
541 2154 591 2199 et
614 2139 766 2198 Patri
788 2161 883 2211 per
902 2138 1095 2210 ipsum

227 2241 306 2291 18.
334 2232 621 2301 Muliere8‚
665 2229 886 2287 subditae
913 2238 1078 2283 estote
1107 2222 1267 2292 viris,
1307 2220 1443 2277 sicut
1475 2228 1724 2291 oportet,

148 2324 206 2382 in
229 2323 493 2382 Domino.

227 2437 306 2485 ¹9·
346 2410 499 2478 Viri,
538 2406 735 2480 diligite
765 2426 954 2462 uxores
998 2413 1228 2471 vestras,
1267 2411 1319 2455 et
1356 2398 1522 2456 nolite
1553 2396 1748 2456 amari·
1783 2458 1799 2473 „

154 2523 268 2560 esse
291 2501 359 2556 ad
385 2500 522 2555 illas,
1782 2540 1793 2576 Ἴ,

226 2616 309 2649 20.
330 2587 488 2657 Filii,
515 2585 724 2644 obedite
751 2582 1055 2656 parentibus
1079 2600 1174 2651 per
1195 2575 1413 2636 omnia:
1443 2572 1547 2631 hoc
1573 2570 1723 2629 enim

154 2679 413 2751 placitum
438 2690 516 2734 est
539 2675 800 2733 Domino.

224 2769 567 2837 21.PatreS,
594 2764 759 2822 nolite
790 2761 858 2819 ad
882 2757 1303 2835 indignationem
1327 2769 1619 2826 provocare
1652 2747 1765 2859 fij

151 2860 254 2919 lios
277 2870 510 2926 vestros,
537 2867 594 2912 ut
614 2875 723 2911 non
744 2850 939 2923 pusillo
963 2848 1144 2905 animo
1167 2847 1315 2904 fiant.
