1806 3164
156 96 254 150 156
612 113 878 154 EPISTOLAE
910 117 982 154 Al)
998 104 1270 161 [mestos

219 183 435 237 Formata
472 183 605 249 Evam
648 190 706 240 de
738 188 793 242 ea
829 192 1000 245 dictum
1036 203 1104 247 est
1125 216 1137 246 :
1165 197 1360 263 Propter
1392 200 1509 262 hoc,
1544 199 1598 252 'id
1619 212 1716 268 est,

152 275 340 342 propter
365 267 585 319 feminam
611 287 673 321 ex
700 273 800 323 viro
821 283 1066 340 sumptam.
1610 340 1622 342 ,

219 346 467 411 Relinquat
504 347 695 400 homo...
718 348 1003 414 adhaerebit,
1043 360 1135 404 ete.
1169 349 1255 406 Gr.
1284 355 1634 422 agglutinabitur
1658 360 1718 412 ad

148 438 343 473 uxorem
359 431 493 486 ‚·etc.
811 461 814 463 -
1085 475 1092 481 .
1569 443 1578 448 ⁴

219 497 485 567 Ambigitur
506 505 607 567 quis
627 501 731 554 haec
752 506 895 556 verba
917 507 1183 573 protulerit?
1198 525 1256 557 an
1267 505 1428 560 Deus?
1449 527 1508 561 au
1529 502 1715 564 Adam?

139 591 205 625 an
227 573 450 644 Moyses?
1684 592 1688 600 ⁴
1738 580 1746 598 “

219 650 386 704 Matth.
419 672 496 724 19.
525 655 583 704 ad
606 654 758 707 Deum
782 657 1049 712 referuntur.

216 726 312 781 Sed
333 740 510 782 constat
547 735 672 798 quod
699 734 802 785 haec
821 738 964 788 verba
990 737 1156 789 docent
1177 740 1475 789 arctissimum
1494 748 1541 791 et
1561 743 1717 792 invio·

148 807 283 858 labile
307 826 407 860 esse
432 814 708 862 matrimonii
732 814 989 875 vinculum;
1018 818 1228 866 maritum
1248 824 1294 866 et
1306 833 1500 869 uxorem
1513 835 1608 868 non
1623 816 1718 869 tam

150 886 265 937 duos
288 905 412 951 esse,
432 894 570 956 quam
592 909 734 941 unum
750 893 858 960 quid
876 912 887 951 ;
915 901 961 943 et
977 904 1310 960 consequenter
1323 912 1405 945 eos
1421 899 1557 946 etiam
1574 913 1719 947 unum

151 979 253 1013 esse
275 964 449 1018 debere
468 969 515 1016 in
538 985 694 1019 amore
711 1005 725 1033 ‚
749 973 907 1036 sicque
934 971 1083 1021 virum
1106 972 1278 1023 debere
1301 991 1496 1025 uxorem
1524 991 1651 1026 suam
1671 983 1720 1026 ut

149 1043 363 1106 seipsum
375 1042 580 1108 diligere.
1741 1050 1745 1053 ⁴

218 1110 276 1171 fi,
306 1118 387 1170 32.
416 1114 777 1173 Sacramentum
800 1125 889 1174 hoc
912 1144 1134 1189 magnum
1155 1135 1273 1176 εεί...
1294 1123 1504 1191 Explicat
1523 1129 1718 1192 mystice

150 1200 418 1263 mysterium
439 1201 806 1265 praecedentibus
821 1220 963 1253 sacrae
983 1202 1228 1270 Scripturae
1250 1205 1404 1254 verbis
1422 1221 1686 1268 expressum
1699 1240 1712 1264 ,

149 1279 321 1340 nempe
358 1279 554 1342 primum
578 1275 748 1329 Adami
766 1287 812 1329 et
840 1277 957 1330 Evae
984 1282 1337 1331 matrimonium.

219 1353 451 1415 Magnum
487 1365 850 1406 sacramentum.
889 1353 975 1406 Gr.
1011 1360 1280 1422 mysterium
1314 1362 1401 1406 est.
1430 1355 1528 1420 Ego
1559 1363 1718 1406 autem

151 1430 304 1481 dico...
330 1428 419 1482 Gr.
451 1434 498 1482 in
524 1428 765 1484 Christum
799 1442 845 1486 et
866 1436 913 1484 in
932 1431 1215 1498 Ecclesiam,
1246 1433 1295 1484 id
1327 1442 1424 1498 est,
1442 1435 1482 1484 si
1502 1432 1719 1484 referatur

150 1507 208 1557 ad
231 1505 464 1560 Christum
486 1519 532 1561 et
552 1512 609 1561 ad
627 1508 881 1562 Ecclesiam
902 1533 914 1572 ;

220 1580 341 1646 Quia
365 1588 685 1651 expressivum
707 1596 753 1637 et
781 1591 1206 1656 repraesentafivum
1225 1594 1319 1639 erat
1342 1588 1567 1639 unanimis
1585 1595 1630 1640 et
1646 1588 1719 1640 in'·

143 1663 422 1725 „dissolubilis
443 1667 625 1722 unioni-S
649 1663 820 1724 Christi
843 1687 945 1721 cum
969 1664 1194 1719 Ecclesia.

218 1753 344 1805 Sicut
361 1755 486 1804 enirn
507 1752 652 1804 homo
677 1752 891 1817 relinquit
914 1758 1086 1818 patrem
1113 1756 1158 1799 et
1182 1755 1407 1816 matrem,
1429 1757 1480 1805 ut
1495 1747 1721 1808 adhaereat

151 1840 283 1890 uxori
300 1827 425 1896 suae3
454 1838 518 1886 sic
537 1835 735 1902 quodam
753 1834 894 1886 modo
910 1831 1115 1885 Christus
1138 1835 1187 1884 in
1210 1836 1520 1887 incarnatione
1534 1831 1721 1888 Patrem

151 1934 282 1969 suurn
307 1914 570 1981 dereliquit,
601 1921 645 1964 et
670 1921 828 1978 postea
850 1919 1043 1962 matrem
1062 1927 1189 1961 suam
1209 1908 1502 1976 Synagogam
1516 1949 1530 1976 ,
1551 1918 1603 1962 ut
1622 1907 1733 1964 Εεν-

134 1992 300 2042 Υ(·.1(ε5ἰεκε
325 1990 582 2041 christianae
616 2006 798 2056 sponsae
814 2006 905 2039 suae
931 1987 1180 2038 adhaereat.

219 2063 296 2116 Ex
318 2066 410 2116 hoc
427 2058 483 2118 Ῠ.
506 2066 590 2116 32.
610 2073 733 2131 patet
753 2065 877 2130 quod
896 2061 1014 2114 Adae
1034 2065 1376 2114 matrimonium
1392 2081 1496 2114 curn
1516 2058 1621 2112 Eva
1636 2060 1722 2112 fuit

151 2148 511 2200 sacramentum3
538 2158 648 2204 seu,
676 2149 722 2190 ut
743 2143 802 2190 ait
822 2156 993 2206 graecus
1010 2148 1190 2200 textus,
1214 2140 1718 2205 mysterium‚-signum

150 2220 215 2269 rei
244 2234 414 2280 sacrae,
436 2216 610 2267 scilicet
627 2217 810 2266 unionis
839 2212 1010 2265 Christi
1031 2197 1375 2264 cumEcclesia.

219 2291 354 2344 Idem
382 2293 472 2341 dici
493 2299 671 2357 potest,
697 2298 740 2340 et
756 2290 945 2355 pleniori
966 2291 1062 2352 jure
1077 2324 1093 2350 ‚
1112 2286 1170 2337 de
1192 2287 1490 2337 matrimoniis
1511 2287 1718 2338 omnium
1795 2352 1798 2354 μ

152 2371 248 2433 ejus
263 2379 546 2434 posterorum
561 2406 575 2431 ,
594 2370 730 2417 etiam
749 2365 998 2416 infidelium
1019 2384 1030 2410 ε
1051 2364 1099 2414 hi
1115 2367 1239 2415 enim
1254 2364 1529 2431 reliquerunt
1545 2372 1719 2429 patrem

151 2459 197 2501 et
224 2459 418 2502 matrem
453 2458 503 2501 ut
542 2448 826 2499 adhaererent
858 2449 1078 2497 uxoribus
1118 2450 1239 2510 suis,
1286 2446 1410 2512 quod
1434 2464 1531 2498 non
1572 2447 1719 2512 potuit
1769 2435 1803 2457 ³

150 2522 383 2579 Adamus-

218 2602 410 2655 Constat
443 2604 645 2663 aliunde,
686 2609 731 2652 et
766 2610 835 2651 est
877 2601 934 2652 de
974 2601 1069 2652 fide
1094 2600 1331 2651 definitum
1357 2616 1417 2649 ex
1439 2597 1714 2661 traditione,

150 2682 271 2748 quod
294 2684 340 2731 in
383 2677 592 2731 Ecclesia
621 2676 876 2729 Christiana
904 2681 1244 2729 matrimonium
1284 2676 1488 2727 fidelium
1529 2683 1717 2727 estnon

147 2766 321 2814 tantum
347 2764 617 2830 mysterium
636 2799 650 2825 ,
688 2778 825 2811 sensu
863 2761 1122 2829 supradicto
1143 2798 1156 2823 ,
1187 2754 1282 2810 ‘sed
1309 2768 1355 2810 et
1382 2765 1716 2823 sacramentum

147 2840 336 2904 gratiam
360 2838 628 2903 conjugibus
651 2854 709 2887 ex
730 2844 918 2902 operato
948 2836 1206 2888 conserens.
1233 2834 1302 2885 Ita
1326 2830 1586 2885 Concilium
1604 2828 1716 2883 Tri·

147 2917 405 2971 deminum.
