1800 3158
532 113 536 116 Α
639 31 856 91 ‘rmrmx
891 53 1183 90 Exposrrio.
1595 35 1693 104 391

139 143 351 198 verso,
396 139 612 183 eorum
653 122 719 180 in
763 119 885 182 fide
925 121 1304 196 constantia,
1334 116 1701 201 ,mire‘gau-

142 223 289 292 -deat
306 268 324 300 ‚
361 222 443 284 ob
469 222 535 283 id
566 223 700 283 Deo
726 224 949 304 gratias
978 234 1115 304 agat
1134 267 1151 297 ‚
1178 233 1432 302 oretque
1454 222 1659 281 Deum
1677 265 1694 298 ,
1724 236 1729 246 ‘

142 336 215 386 ut
241 346 345 386 eos
372 326 676 399 revisere,
716 335 778 383 et
811 326 877 382 in
918 321 1039 383 fide
1078 322 1378 404 perficere
1410 323 1528 383 sibi
1550 345 1702 383 con÷

145 423 344 486 cedat.

225 527 300 586 In
331 539 552 608 quarto
580 527 868 586 hortatur
888 523 967 583 ad
989 526 1330 584 castitatem
1352 569 1367 599 ‚
1395 525 1472 585 ad
1493 525 1704 607 fugam

145 624 290 698 otii,
325 621 403 684 ad
432 624 764 683 honestum
803 619 1115 696 laborem3
1161 621 1378 680 mortis
1412 622 1706 701 proponit

153 721 472 797 solatium,
536 721 768 782 scilicet
789 763 805 795 ‚
858 731 1248 780 mortuorum
1300 723 1709 782 resurrectio-

146 839 325 892 nem,
361 822 539 897 cujus
566 815 822 877 modum
843 818 1093 897 exponit
1123 827 1183 874 et
1211 815 1516 876 ordinem.

230 918 304 974 In
342 915 559 994 quinto
579 958 596 989 ‚
647 913 728 973 ob
764 912 1271 974 incertitudinem
1300 914 1421 975 diei
1445 915 1704 994 judicii,

150 1018 438 1077 hortatur
493 1015 991 1096 adrvigilantiam
1049 1028 1109 1074 et
1167 1016 1243 1077 ad
1287 1020 1494 1079 omnia
1541 1019 1708 1080 bona

148 1136 360 1197 opera.

231 1214 448 1272 Graeca
470 1223 531 1270 et
559 1211 717 1294 Syra
739 1213 804 1270 in
825 1209 946 1271 fine
967 1211 1255 1296 Epistolae
1278 1213 1515 1273 hahent
1542 1215 1710 1295 quod

150 1314 286 1377 haec
306 1311 579 1393 Epistola
600 1314 825 1392 scripta
849 1315 926 1372 sit
947 1315 1211 1374 Athenis
1236 1337 1248 1374 ε
1275 1315 1383 1374 sed
1401 1317 1707 1377 Baronius

151 1440 256 1478 an.
291 1417 398 1489 52,
423 1413 645 1496 probat
677 1417 967 1496 scriptam
1000 1417 1186 1477 fuisse
1215 1418 1521 1478 Corinthi.

234 1518 534 1579 Omnium
558 1516 974 1598 Epistolarum
998 1542 1146 1599 quas
1176 1522 1421 1602 scripsit
1450 1521 1710 1601 Aposto-

152 1624 252 1684 lus
272 1667 290 1698 ,
322 1624 486 1682 hanc
507 1623 770 1703 primam
821 1644 951 1684 esse
988 1625 1290 1686 affirmant
1321 1626 1402 1685 D.
1432 1626 1711 1708 Chryso-

157 1735 392 1786 stomus
411 1763 428 1795 ,
459 1717 891 1781 Theodoretus
911 1765 927 1796 ,
973 1723 1276 1782 Baronius
1297 1765 1314 1799 ,
1343 1721 1570 1803 quibus
1596 1723 1712 1782 viri

153 1829 320 1892 docti
346 1823 778 1886 subscribunt.
