1806 3164
23 157 47 195 ἑ,
447 121 664 157 τιιῐΡιεΧ
700 111 978 156 Exposrrto.
1017 97 1138 167 Cap.
1175 98 1224 152 I.
1450 172 1454 175 η
1508 147 1514 151 ,
1546 101 1606 152 15

6 198 145 359 §imon
166 201 310 252 solum
336 201 363 248 a
385 197 579 264 peccatis
598 195 823 254 liberavit,
841 192 924 242 sed
945 195 1083 253 eliam
1102 209 1188 241 nos
1213 190 1321 242 fecit
1349 190 1437 240 sibi
1461 197 1610 254 gratos

47 287 97 329 et
121 275 355 328 amabiles.

120 350 371 416 Quomodo
398 350 436 398 si
463 350 561 413 quis
584 349 845 414 quempiam
867 348 1128 400 scabiosum
1149 383 1163 410 ‚
1190 354 1317 412 peste
1341 363 1393 396 ac
1414 346 1611 408 morbo,

5 418 272 516 {senioque
296 425 576 488 confectum,
600 435 644 476 et
678 426 930 493 perditum,
958 427 1109 474 statim
1143 423 1396 474 formosum
1419 423 1607 486 fecerit,

6 515 297 616 ῑῇιινεῃειῃ,
328 526 488 559 omnes
522 506 853 574 pulchritudine
887 509 1178 568 vincentem,
1214 514 1302 556 etc.

117 591 303 644 Deinde
339 607 445 639 eum
483 591 528 638 in
551 591 797 652 juventutis
829 586 944 637 flore
977 589 1268 637 constitutum
1308 583 1606 653 purpurzi'in-

6 663 11 675 ⁹
50 673 212 731 duerit,
233 679 280 720 et
308 671 350 719 ei
375 667 584 718 diadema
606 669 871 732 imposuerit
901 675 947 716 et
969 669 1092 716 omni
1114 675 1273 716 ornatu
1302 666 1501 725 ornarit3

118 746 187 798 Ita
216 748 414 796 animam
437 752 636 794 nostram
659 746 870 794 instruxit
893 752 936 793 et
955 746 1151 804 ornavit,
1185 742 1507 808 pulchramque
1530 741 1609 790 se-

51 825 130 888 cit,
166 821 512 873 desiderabilem
537 829 579 870 et
602 820 857 870 amabilem.
884 818 946 869 D.
977 817 1336 888 Chrysostomus
1360 819 1613 884 hucusque.

5 907 8 911 ’
119 902 185 953 In
210 904 377 952 dilecto
399 903 524 950 Filio
561 919 658 949 suo,
683 897 766 950 Gr.
792 903 840 950 in
878 897 1080 950 Dilecto.
1118 899 1224 965 Syr.
1262 915 1344 965 per
1379 895 1611 946 Dilectum

11 1003 18 1007 ..
49 998 200 1031 suum.

3 1039 13 1111 i
119 1056 327 1109 Christus
348 1064 415 1106 est
442 1054 630 1104 dilectus
653 1071 732 1118 per
753 1054 1087 1114 excellentiam,
1109 1052 1168 1100 ob
1197 1068 1334 1118 quem
1356 1048 1485 1100 Deus
1502 1049 1611 1100 alios

0 1095 28 1184 l*
50 1136 209 1201 diligit,
233 1137 332 1184 sine
354 1138 446 1197 vquo
482 1148 621 1180 nemo
645 1129 1146 1193 caeterorum'diligitur.
1173 1125 1229 1176 In
1269 1129 1368 1191 ipso
1396 1134 1440 1176 et
1461 1142 1613 1190 prop-

6 1236 11 1250 ·=
39 1220 120 1283 Ater
141 1213 288 1276 ipsum
318 1206 445 1257 Deus
469 1224 552 1255 nos
578 1206 720 1271 diligit
741 1219 787 1254 et
812 1208 937 1254 omni
963 1204 1100 1269 gratia
1127 1201 1336 1251 cumulat.
1391 1241 1403 1249 .

119 1288 246 1340 Hinc
277 1284 459 1338 Christo
479 1302 686 1349 semper,
712 1287 757 1333 in
779 1298 1066 1350 quocumque
1093 1289 1211 1330 statu
1231 1317 1244 1341 ,
1273 1280 1408 1328 nobis
1441 1277 1611 1327 adhae-

0 1363 2 1386 ³
49 1367 273 1424 rendum3
302 1373 347 1414 et
363 1365 515 1413 omnia
539 1380 618 1429 per
640 1365 788 1426 ipsum
811 1376 1110 1426 quaecumque
1134 1357 1348 1424 petenda,
1371 1355 1611 1421 speranda,

0 1451 5 1510 ἵ
50 1446 372 1512 exspectanda.

118 1521 362 1588 Multiplex
388 1529 430 1570 et
459 1521 578 1568 varia
615 1519 662 1567 in
695 1535 852 1566 versus
885 1514 1192 1581 praecedentes
1226 1514 1418 1563 occurrit
1446 1514 1612 1562 obser-

6 1661 7 1664 *
49 1605 173 1654 vatio
203 1600 407 1651 facienda
427 1637 440 1661 ‚
471 1607 567 1648 turn
592 1596 874 1660 dogmatica,
905 1604 1000 1644 tum
1024 1593 1218 1642 moralis.

386 1766 558 1801 PRIMA
587 1763 903 1801 oBsERVA'rm
932 1759 1255 1797 DOGMA'HCA.

118 1905 268 1966 Elegit
298 1921 383 1950 nos
406 1910 457 1949 ut
479 1918 679 1949 essemus
701 1899 878 1955 sancti,
913 1913 1004 1945 non
1039 1898 1139 1961 quia
1162 1910 1316 1943 sumus
1333 1929 1347 1956 ,
1378 1898 1455 1941 aut
1478 1890 1612 1940 futuri

0 2011 2 2049 g
52 1998 236 2040 sumus,
269 1979 351 2028 sed
375 1987 422 2027 ut
447 1980 600 2026 simus.

116 2055 242 2121 Ergo
263 2077 357 2109 non
381 2074 440 2106 ex
464 2057 625 2104 nostris
647 2053 843 2112 meritis,
869 2058 943 2100 aut
966 2049 1235 2110 actualibus,
1263 2055 1335 2096 aut
1358 2062 1476 2111 prae
1464 2048 1601 2096 isis·
1589 2085 1601 2106 ,

0 2117 2 2189 l
46 2135 129 2186 sed
156 2153 214 2186 ex
235 2135 342 2200 pura
365 2131 453 2184 Dei
473 2150 532 2181 m
523 2129 806 2190 “seric·ordia,
839 2130 898 2177 ob
928 2125 1094 2176 Christi
1118 2128 1195 2176 filii
1214 2130 1280 2176 sui
1309 2130 1483 2175 merita.

0 2351 3 2374 ι
365 2296 605 2332 SECUNDA
634 2293 957 2328 OBSERVATIO
985 2291 1302 2326 DCGMATICA.

2 2485 4 2491 ‚
115 2433 268 2496 Elegit
288 2449 372 2480 nos
400 2439 449 2478 ut
471 2432 620 2486 simus⁷
638 2431 818 2488 sanem
841 2438 885 2479 et
915 2437 1065 2478 tamen
1088 2428 1146 2478 de
1171 2427 1288 2476 sacto
1310 2426 1437 2475 multi
1461 2428 1527 2475 sic
1549 2425 1608 2474 ad

0 2529 4 2570 J
44 2513 328 2562 sanctitatem
350 2511 396 2557 in
420 2506 750 2556 christianismo
773 2507 901 2556 electi
924 2514 967 2555 et
986 2507 1161 2565 vocati,
1189 2521 1283 2554 non
1304 2511 1406 2553 sunt
1428 2504 1569 2551 sancti
1592 2521 1623 2550 :-

0 2580 2 2595 ’
44 2587 139 2639 imo
170 2589 296 2638 multi
330 2584 663 2652 Ephesiorum,
700 2603 811 2650 quos
840 2587 904 2634 sic
938 2583 1108 2634 electos
1149 2589 1284 2634 vocat
1318 2578 1600 2647 Apostolus,

44 2678 141 2714 non
164 2665 341 2714 suerunt
365 2666 522 2713 sancti.

110 2739 236 2807 Ergo
253 2741 352 2790 haec
367 2742 528 2791 electio
550 2749 701 2791 nostra
720 2757 812 2790 non
835 2748 903 2789 est
923 2706 1150 2800 absoluta,
1171 2738 1253 2788 sed
1269 2737 1601 2788 conditionata·
1588 2773 1602 2795 ‚

0 2804 5 2884 l
40 2820 282 2880 nimirum,
310 2822 347 2868 si
369 2820 559 2868 velimus
583 2821 872 2879 consentire,
905 2824 948 2866 et
972 2819 1205 2883 cooperari
1234 2818 1385 2882 gratiae
1410 2812 1516 2864 Dei.

0 2910 5 3164 t
61 2919 63 2921 ·
109 2893 337 2947 Absoluta
365 2896 548 2962 quidem
574 2905 642 2948 est
676 2913 735 2947 ex
759 2905 885 2962 parte
912 2894 1029 2960 Dei,
1066 2899 1140 2962 qui
1169 2897 1229 2945 ob
1259 2895 1378 2945 hanc
1411 2876 1603 2945 electio-
