1800 3158
144 75 249 145 414
374 96 544 132 PRIMAE
579 90 846 134 msa-omn
880 97 951 136 An
984 86 1492 148 reassumam

142 174 261 233 tas,
299 175 352 219 et
391 184 490 221 nos
530 165 795 238 persecuti
829 179 985 236 sunt,
1026 181 1080 227 et
1109 170 1235 229 Deo
1254 173 1393 232 no'n
1398 173 1724 277 ρὶξιὲὼὲηι

148 249 395 307 omnibus
423 251 730 311 hominibus
753 255 1133 324 adversantur3

222 341 300 395 16.
336 339 697 401 Prohibentes
719 365 820 406 nos
841 345 1112 405 Gentibus
1134 345 1284 422 loqui
1309 359 1369 407 ut
1375 348 1545 414 salvae
1569 349 1723 425 fiant,

149 439 210 485 ut
244 427 503 501 impleant
546 445 763 503 peccata
786 456 883 492 sua
920 458 1162 509 semper3
1202 435 1440 512 pervenit
1461 439 1605 501 enim
1645 462 1738 501 ιτα

146 519 261 577 'Dei
282 543 446 592 super
462 521 582 581 illos
611 546 780 595 usque
804 524 863 581 in
889 526 1073 584 finem.

226 841 302 896 17.
324 826 441 884 Nos
465 838 643 884 autem
659 870 672 896 ‚
707 826 896 884 fratres
914 871 928 897 ,
960 827 1187 886 desolati
1210 831 1241 885 ὲ
1258 828 1414 887 vohis
1430 830 1501 887 ad
1518 841 1731 902 tempus

152 912 299 970 horae
313 957 326 982 ‚
349 929 564 986 aspectu
582 958 597 984 ‚
625 937 736 973 non
756 918 917 973 corde
938 959 951 985 ‚
980 916 1342 974 abundantius
1363 916 1731 978 festinavimus

153 1003 349 1061 faciem
372 1017 603 1062 vestram
626 1006 803 1062 videre
826 1027 950 1063 cum
977 1005 1147 1062 multo
1170 1005 1465 1064 desiderio:

228 1149 308 1202 18.
331 1142 610 1220 Quoniam
634 1143 902 1201 voluimus
923 1141 1102 1199 venire
1125 1143 1193 1199 ad
1221 1162 1315 1203 vos
1351 1167 1364 1198 ι
1397 1161 1494 1214 ego
1519 1138 1735 1213 quidem

155 1229 364 1288 Paulus
385 1274 398 1299 ‚
441 1243 493 1287 et
516 1232 678 1288 semel
715 1243 766 1287 et
786 1230 1011 1300 iterum,
1038 1230 1131 1287 sed
1154 1227 1431 1310 impedivit
1456 1249 1557 1286 nos
1580 1231 1741 1286 Sata-³

154 1338 271 1375 nas,

235 1430 314 1481 19.
340 1405 477 1480 Quae
511 1416 591 1462 est
623 1402 766 1460 enim
791 1415 976 1461 nostra
1011 1425 1162 1475 spes,
1200 1415 1293 1461 aut
1323 1396 1617 1478 gaudium„
1645 1412 1737 1459 aut

160 1518 362 1556 corona
387 1497 606 1570 gloriae?
649 1517 831 1553 nonne
863 1518 958 1555 vos
991 1509 1114 1554 ante
1150 1496 1453 1554 Dominum
1491 1506 1738 1569 nostium

160 1589 348 1644 Jesum
368 1585 641 1642 'Christum
665 1582 788 1642 estis
818 1584 877 1640 in
896 1578 1146 1642 ‘adventu
1171 1582 1321 1655 ejus?

230 1822 314 1856 20.
330 1799 439 1855 Vos
466 1800 609 1853 enim
639 1795 763 1853 estis
792 1794 963 1869 gloria
994 1806 1180 1853 nostra
1204 1805 1253 1850 et
1272 1789 1544 1867 gaudium.
