1800 3158
171 75 275 140 444
405 89 588 125 mmm
621 90 879 133 ermom
913 94 984 130 An
1015 62 1520 133 'ruzsssmmctnses

166 247 402 259 μ’-ᾕν-

621 366 996 435 Commentarius
1021 374 1070 424 in
1105 369 1225 439 Cap.
1248 373 1299 435 4.

172 547 245 616 35.
276 570 320 602 ι.
348 503 462 601 DE
489 561 652 603 coelero
670 573 774 618 ergo
789 592 806 616 ‚
820 554 1036 619 fratres,
1077 574 1294 619 rogamus
1318 575 1397 608 νο.
1456 577 1514 612 s„

241 627 410 696 Incipit
431 631 478 679 i'n
503 630 595 682 hoc
615 636 759 698 capite
782 635 976 686 morales
1011 633 1504 689 Thessalonicensibus
1534 629 1741 690 instrucss*

170 706 322 756 tiones
348 706 455 756 dare
479 713 839 779 proportionatas
855 749 869 774 ,
892 714 1017 775 juxta
1035 713 1214 775 monita·
1232 728 1334 777 quae
1355 712 1414 763 de
1437 730 1599 765 eorum
1619 718 1742 763 statu

173 793 410 844 receperat
432 788 457 834 ὲ
478 783 750 838 Timotheo.

241 858 316 911 Ac
342 862 491 924 primo
513 862 727 925 quIdem,
749 861 953 913 hortatur
972 863 1069 914 illos
1097 864 1154 914 ad
1179 866 1400 928 majorem
1423 868 1708 918 sanctitatem
1724 902 1739 926 ,

185 956 268 990 seu
291 938 350 988 ad
375 941 640 1011 continuum
661 943 708 989 in
730 940 822 990 vita
845 941 1058 1005 spirituali
1083 940 1354 1006 profectum.

242 1016 313 1064 De
336 1024 525 1077 coetero,
552 1014 755 1075 fratres,
780 1035 999 1079 rogamus
1025 1034 1108 1066 vos
1130 1019 1178 1065 in
1196 1015 1270 1065 via
1294 1015 1417 1078 Dei,
1443 1020 1468 1067 ὲ
1490 1018 1626 1068 nobis
1647 1025 1743 1068 tra·-

174 1092 268 1148 dita
292 1097 428 1146 vobis
448 1133 460 1157 ,
492 1099 558 1147 sic
584 1096 843 1158 ambulare,
869 1099 989 1147 utin
1011 1095 1068 1146 ea
1097 1097 1343 1161 proficiatis
1380 1101 1428 1149 in
1455 1099 1579 1161 dies,
1604 1096 1744 1148 Deo-

175 1171 266 1239 que
287 1176 431 1239 magis
454 1191 506 1224 ac
527 1177 671 1239 magis
692 1174 921 1240 placeatis.
1634 1192 1639 1196 ·

243 1249 327 1304 Gr.
356 1260 402 1303 et
427 1249 529 1318 Syr.
556 1270 651 1303 non
683 1252 858 1303 habent
883 1251 990 1312 (sic
1025 1263 1072 1302 et
1109 1255 1360 1304 ambuletis
1379 1260 1433 1316 );
1464 1254 1579 1306 hinc
1609 1253 1744 1320 paulo

171 1330 304 1382 aliter
328 1330 583 1395 intelligunt
618 1330 709 1392 (ut
727 1331 972 1380 abundetis
992 1333 1143 1395 magis
1160 1331 1218 1392 ).·

240 1406 482 1472 Rogamus
503 1424 588 1457 vos
604 1444 616 1467 ,
647 1410 707 1457 ait
728 1404 833 1472 Syr.
858 1415 906 1457 ut
930 1407 1127 1457 modum
1156 1416 1394 1473 acceptum
1415 1411 1443 1458 ὲ
1466 1409 1631 1468 nobis,
1651 1407 1744 1472 quo

170 1494 379 1553 oporteat
402 1502 485 1534 vos
504 1485 737 1536 ambulare
757 1493 804 1534 et
828 1484 1007 1551 placere
1033 1482 1138 1535 Deo
1161 1523 1174 1546 ,
1201 1488 1345 1551 magis
1365 1485 1641 1551 adaugeatis.

240 1560 307 1613 Ita
332 1571 380 1613 ut
403 1562 613 1613 mandata
634 1571 680 1612 et
697 1563 1054 1612 ‘constitutiones
1081 1564 1397 1629 exsuperetiS,
1419 1563 1480 1612 ait
1502 1557 1566 1611 D.
1584 1555 1746 1626 Chry-

173 1652 424 1695 sostomus.

239 1720 309 1772 Ita
329 1728 378 1770 ut
402 1719 569 1786 aliquid
586 1729 719 1783 supra
741 1719 951 1769 mandata
974 1719 1125 1770 facere
1151 1721 1361 1769 nitamini
1375 1755 1388 1780 ,
1427 1726 1563 1783 atque
1583 1719 1743 1784 impe·-

171 1809 268 1856 rata
288 1800 544 1866 superetis,
568 1801 629 1848 ait
648 1794 694 1847 Γ
699 1797 1047 1864 heophylactus

243 1876 388 1929 Juxta
406 1876 527 1927 hanc
542 1876 788 1926 lectionem
813 1874 1018 1926 hortatur
1038 1871 1291 1955 Apostolus
1313 1874 1371 1925 ad
1391 1880 1743 1941 supererogata

171 1959 238 2010 ria
255 1956 478 2007 mandatis
494 1954 859 2021 superaddenda.

120 2036 123 2038 ’
238 2034 447 2102 Uterque
465 2052 624 2085 sensus
642 2034 824 2095 bonus,
848 2042 894 2084 et
911 2035 955 2084 in
984 2052 1034 2084 re
1053 2053 1211 2100 parurn
1233 2034 1494 2101 discrepans
1510 2033 1621 2084 :sed
1638 2034 1744 2098 pri·-

166 2129 269 2171 inus
284 2125 354 2166 est
374 2116 569 2182 plenior,
589 2123 634 2165 et
653 2114 832 2165 aliunde
853 2113 1100 2166 conformis
1118 2123 1187 2166 est
1207 2115 1409 2181 pluribus
1424 2115 1743 2179 manuscriptis

168 2205 274 2259 quae
295 2195 399 2243 citat
422 2189 481 2242 P.
506 2189 759 2243 Amelotte.
788 2189 976 2242 Grotius
1001 2195 1138 2243 etiam
1160 2195 1266 2243 citat
1292 2209 1425 2243 suurn
1450 2191 1743 2255 manuscrip*

167 2279 296 2334 tum,
328 2275 562 2339 interpreti
587 2280 745 2322 nostro
767 2271 1024 2323 conforme.
1546 2315 1550 2318 .

229 2349 308 2402 Ex
343 2360 534 2417 utroque
573 2351 788 2402 discimus
813 2351 938 2416 quod
965 2347 1211 2401 Christiani
1248 2352 1427 2401 sitnon
1459 2321 1614 2410 stare,
1656 2346 1745 2400 sed

164 2432 380 2482 continue
399 2428 655 2490 ambulare,
677 2445 860 2492 semper
880 2428 1128 2493 proficere,
1153 2430 1387 2494 imperatis
1405 2425 1743 2493 superaddere;

167 2507 236 2559 ire
260 2510 319 2560 de
341 2512 578 2574 praeceptis
601 2508 658 2558 ad
694 2507 906 2564 consilia;
937 2507 994 2557 de
1022 2510 1187 2558 virtute
1214 2509 1260 2556 in
1282 2509 1529 2568 virtutem,
1553 2521 1664 2564 seu,
1692 2511 1745 2554 ut

162 2587 299 2636 vertit
321 2583 385 2635 D.
413 2583 764 2651 Hieronymus,
787 2584 846 2634 de
870 2582 1209 2635 fortitudinem
1229 2581 1572 2644 fortitudinem,
1594 2594 1740 2646 usque

164 2665 215 2715 in
240 2661 384 2725 Sion,
413 2663 461 2712 id
481 2671 576 2725 est,
606 2658 702 2712 Coel
707 2679 802 2738 urn.

233 2739 306 2804 17.
329 2760 376 2790 2.
396 2741 538 2789 Sci'tzs
558 2742 684 2788 enim
710 2757 813 2805 quoe
830 2748 1068 2830 proeceptfz
1093 2738 1311 2787 dederem.
1341 2732 1429 2787 Gr.
1453 2732 1735 2784 dederimus

233 2815 332 2867 Hic
357 2834 515 2867 versus
539 2817 789 2893 respondet
811 2810 887 2866 his
909 2818 1045 2882 primi
1068 2813 1276 2865 versiculi
1300 2812 1454 2863 verbis
1474 2807 1495 2870 (
1513 2808 1739 2876 quemad·

166 2894 354 2958 modum
377 2896 626 2960 accepistis
645 2897 668 2943 ὸ
684 2886 892 2955 nobis);
920 2895 1045 2960 quasi
1069 2892 1271 2941 diceret.
