1806 3164
216 89 279 120 10
572 116 582 121 χ
670 77 937 127 EpisTo'LAE
969 92 1040 138 ΑΒ
1078 91 1363 133 Erannos

208 159 345 220 lavit,
374 178 475 209 non
492 162 746 227 corporali,
772 171 822 214 ut
849 142 1062 227 JudaeOS,
1080 164 1164 215 sed
1181 166 1430 231 spirituali3
1457 185 1553 222 non
1579 170 1779 239 terrena,

212 245 256 287 et
280 239 324 285 in
353 236 466 286 terra
490 231 711 288 Chanaan
732 240 1048 311 adimplenda,
1070 242 1153 292 sed
1179 244 1350 295 coelesti
1383 251 1460 312 et
1447 267 1494 299 ιη
1517 248 1642 302 coetis
1661 262 1782 304 con-

210 306 510 367 ευῐηῐῑιειηᾱὲι,
534 325 636 357 cum
657 308 814 358 dicet.
844 309 892 359 V
891 312 1043 374 enzle
1052 311 1319 374 benedicti,
1335 322 1427 363 etc.

283 383 377 437 Per
419 390 692 452 spiritualem
716 408 824 456 ergo
845 392 1215 443 benedictionem
1243 394 1442 461 intellige
1470 399 1620 448 omnia
1659 399 1783 459 dona

213 462 270 512 ad
299 463 572 527 spiritualem
593 468 733 516 vitam
758 466 1062 529 conferentia,
1092 469 1150 519 de
1179 471 1380 535 quibus
1367 488 1472 534 lam
1468 465 1656 525 acturus
1673 483 1779 539 est,

216 547 262 587 et
291 557 483 603 quorum
507 547 840 593 consummatio
852 545 928 594 fiet
956 550 1058 595 cum
1077 545 1184 596 felix
1206 555 1250 597 et
1268 555 1433 598 aeterna
1446 550 1584 606 nobis
1600 551 1783 603 dabitur

210 617 472 669 benedictio
499 641 510 671 :
539 621 578 669 V
582 622 703 668 enite
724 657 739 684 ,
764 621 1014 693 benedicti,
1039 631 1126 674 etc.

644 796 999 831 OBsERvATtON
1008 796 1065 830 ES
1101 796 1353 833 mRALEs.

275 933 353 986 Ex
378 953 468 1002 quo
500 936 624 985 disce
648 938 795 1000 primo
819 939 1034 1000 quantum
1058 932 1209 984 differt
1229 934 1407 1000 novum
1429 934 1782 999 Testamentum

206 1019 232 1066 ὲ
256 1019 398 1068 veteri
420 1032 432 1062 ι
461 1035 554 1066 non
578 1017 757 1081 longius
781 1018 914 1067 distat
939 1016 1101 1066 coelum
1128 1018 1154 1063 3
1183 1024 1315 1067 terra.

275 1092 333 1143 In
365 1098 510 1144 veteri
537 1091 660 1144 Deus
685 1093 930 1158 corporalia
952 1095 1266 1160 promittebat,
1293 1104 1471 1146 terrena
1495 1094 1656 1158 dabat,
1677 1101 1782 1144 ter-

205 1190 305 1222 ram
322 1171 541 1222 fluentem
557 1172 623 1221 lac
646 1181 690 1222 et
712 1173 817 1222 mel.
836 1170 963 1237 Lege
985 1172 1184 1230 Levitici
1204 1193 1302 1241 cap.
1323 1175 1408 1232 263
1428 1171 1618 1230 Denter.
1637 1169 1781 1240 70133

211 1246 406 1297 Denter.
448 1249 546 1311 24,
589 1247 653 1299 28
673 1269 683 1308 i
732 1250 846 1299 nihil
875 1253 965 1300 nisi
1004 1258 1233 1303 terrenum
1272 1250 1449 1303 Judaeis
1471 1252 1785 1316 promittiffsi-

207 1324 356 1374 debis·
1725 1345 1728 1347 ·

275 1401 332 1452 In
356 1420 480 1454 novo
503 1406 743 1468 spiritualia
766 1405 870 1468 dat,
891 1407 1090 1457 coelestia
1112 1410 1352 1474 promittit.
1371 1405 1502 1471 Lege
1518 1414 1666 1465 totum
1684 1421 1785 1460 no·-

207 1501 319 1534 vum
357 1482 740 1545 Testamentum
782 1485 939 1534 nullibi
980 1494 1096 1536 terra
1130 1495 1176 1536 et
1210 1494 1392 1536 terrena
1427 1487 1784 1561 promittuntur;

207 1563 376 1626 ubique
398 1562 563 1611 coelum
586 1570 628 1611 et
652 1561 865 1612 coelestia.

276 1638 403 1704 Lege
425 1638 591 1689 Maith.
610 1639 661 1699 5,
688 1633 745 1691 fi
768 1638 818 1702 3,
843 1639 966 1702 4,5,
993 1639 1042 1702 6,
1076 1659 1126 1707 y,
1154 1644 1204 1701 8,
1230 1660 1292 1709 9,
1324 1659 1418 1692 10:
1445 1635 1782 1703 Beatzpaupej-

214 1736 316 1777 res,
349 1727 436 1767 etc.
466 1737 684 1782 quomam
703 1721 906 1782 ipsorum
931 1727 998 1767 est
1018 1737 1208 1781 regnum
1234 1720 1474 1782 coelorum,
1494 1727 1581 1777 etc.

278 1794 408 1862 Lege
431 1794 672 1859 Joan.14,
704 1797 793 1847 23:
822 1797 920 1862 Qui
937 1798 1087 1860 diligit
1108 1817 1198 1863 me,
1216 1816 1471 1847 sermonem
1498 1814 1672 1855 meum,
1693 1801 1786 1844 etc.

210 1877 342 1939 opud
357 1892 461 1925 eum
483 1895 740 1934 vememus,
768 1886 814 1925 et
834 1879 1121 1926 mansionem
1140 1878 1271 1942 apud
1288 1897 1391 1926 eum
1394 1875 1668 1942 faczemus
1719 1877 1722 1880 ’

279 1951 404 2005 Ecce
427 1958 597 2021 ubique
620 1954 858 2020 spiritualis
887 1973 1062 2007 merces
1092 1965 1134 2006 et
1165 1957 1417 2021 promissio·

280 2031 385 2083 Imo
409 2032 617 2082 Christus
640 2033 867 2099 discipulis
887 2035 978 2081 suis
1004 2034 1217 2098 praedixit:
1243 2049 1474 2099 pressuras
1502 2039 1548 2096 et
1570 2026 1790 2079 afflictio·-

211 2127 311 2160 nes.
336 2104 476 2159 Joan.
513 2108 593 2172 16,
625 2129 727 2159 20:
756 2109 1010 2158 l'lombidis
1045 2118 1089 2158 et
1105 2109 1292 2176 flebitis
1315 2126 1422 2171 vos,
1449 2116 1537 2156 etc.
1549 2088 1655 2155 16.
1677 2090 1792 2164 33:

210 2187 273 2235 In
299 2187 470 2235 mundo
494 2205 755 2252 pressuram
779 2188 1022 2235 habebitis.

283 2258 415 2313 Hinc
441 2271 484 2313 et
509 2263 633 2313 disce
666 2263 868 2314 secundo
894 2266 967 2328 qui
991 2266 1046 2312 sit
1073 2262 1387 2312 christianismi
1408 2262 1615 2325 spiritus;
1641 2228 1790 2308 nimi-

211 2358 312 2390 rum
343 2340 531 2388 carnalia
560 2348 603 2389 et
643 2349 821 2389 terrena
845 2340 1113 2404 despicere,
1147 2336 1387 2404 spiritualia
1414 2345 1460 2386 et
1482 2334 1679 2384 coelestia
1705 2335 1791 2386 di-

210 2420 406 2484 ligere,
393 2437 418 2467 3
445 2419 694 2468 carnalibus
721 2421 932 2468 continue
957 2419 1181 2478 abstrahi,
1211 2424 1258 2466 ut
1282 2415 1523 2482 spiritualia
1543 2408 1794 2464 abundan-

213 2501 301 2548 tius
324 2498 655 2562 possideantur.
677 2495 800 2547 Sicut
824 2494 1030 2546 Christus
1055 2495 1242 2545 carnalia
1266 2503 1310 2544 et
1335 2503 1509 2543 terrena
1531 2484 1794 2543 constanter

215 2581 456 2645 dexpexit,
479 2579 722 2643 spiritualia
747 2587 790 2628 et
813 2578 1009 2628 coelestia
1037 2578 1192 2627 dilexit
1220 2561 1462 2625 ardenter:
1487 2568 1545 2623 ita
1564 2562 1794 2623 Christia-

213 2675 300 2707 nus
334 2665 513 2706 terrena
549 2664 831 2718 contemnat,
871 2655 1072 2706 coelcsti÷1
1098 2658 1316 2722 perpetuo
1346 2652 1514 2716 diligat,
1550 2650 1608 2700 ad
1639 2649 1798 2701 divina

213 2752 432 2802 semper
420 2738 601 2799 aspiret.

261 2817 519 2882 Denique,
539 2836 600 2868 ex
625 2837 679 2868 eo
705 2819 859 2884 quod
847 2837 892 2869 in
918 2815 1101 2868 Christo
1127 2814 1253 2867 Deus
1279 2833 1363 2866 nos
1385 2814 1643 2875 benedixit,
1669 2812 1798 2878 disce

217 2898 340 2965 quod
367 2894 574 2948 Christus
608 2901 664 2947 sit
690 2898 892 2947 medium
922 2900 967 2946 in
995 2915 1083 2963 quo
1112 2903 1155 2948 et
1179 2914 1257 2962 per
1286 2895 1409 2963 quod
1442 2896 1591 2944 omnis
1625 2892 1682 2943 ad
1709 2908 1798 2942 nos
