1800 3158
1329 2 1333 9 «
1360 0 1401 18 ⁴⁴1(
1494 13 1498 18 .
1606 10 1611 14 -
1714 0 1759 18 *ve

1731 13 1757 54 ἲ.

164 137 288 205 ’470
408 155 595 192 PRIMAE
628 157 890 197 Eprsromz
925 163 992 199 AD
1028 156 1554 234 TussssALomcuusns

166 275 169 278 a
250 220 411 288 Igitur
435 245 528 276 non
551 230 840 287 dormiamus
865 251 1033 286 somno
1056 231 1253 306 peceati,
1273 260 1337 294 ne
1356 253 1625 302 stertamm
1636 248 1772 311 saluti*

183 311 354 353 nostrae
374 305 674 371 negligentes.

253 381 354 432 Sed
378 384 632 447 vigilemus
658 390 828 438 attenti
858 407 873 433 :
903 393 980 457 qui
1012 384 1166 459 vigilat
1191 397 1474 466 domumque
1496 421 1641 456 suam
1652 424 1766 459 cus-

185 465 333 527 rodit,
363 463 472 516 furis
495 468 748 518 adventum
782 475 1048 535 persentit.
1081 478 1140 524 ita
1169 479 1246 543 qui
1273 479 1448 546 vigilat,
1471 480 1661 537 dommi
1673 488 1769 539 ad-

188 541 358 594 ventus
386 561 407 592 s
425 562 513 607 gna
535 546 746 634 percipit.

257 621 321 670 Et
347 622 493 669 sobrii
510 640 685 679 Simu-5,
711 638 807 669 non
831 624 859 670 a
877 625 988 673 vino
1017 631 1222 688 tantum,
1250 629 1337 678 sed
1356 630 1415 680 ab
1435 635 1568 684 omni
1586 637 1766 702 cupidi-

171 708 277 757 tate
303 709 350 750 et
370 687 709 767 perturbatione
729 702 894 760 animi,
931 720 1031 767 quae
1054 704 1292 768 spiritualis
1322 716 1392 758 est
1416 711 1632 762 ebrietas.

251 771 464 844 Ebrietas
500 781 667 828 animae
699 787 804 827 sunt
834 778 1008 830 divitiae
1027 819 1039 843 ,
1075 785 1286 849 pecuniae
1310 786 1530 852 cupiditas
1558 796 1606 839 et
1636 806 1767 840 amor

190 877 452 928 corporum.
472 857 540 907 D.
566 855 944 923 Chrysostomus.

257 936 329 1003 Y.
355 959 401 1002 7.
429 937 529 1003 Qui
552 939 675 985 enim
701 937 990 988 dormiunt...
1512 980 1515 982 -

245 1012 513 1081 'Vigilantiae
531 1021 576 1063 et
593 1013 849 1062 sobrietatis
865 1023 1032 1064 nostrae
1050 1018 1275 1068 rationem
1294 1020 1409 1083 petit
1422 1006 1766 1085 exmetaphora

188 1096 281 1157 jam
304 1092 422 1143 dicta
445 1095 591 1142 nostis
615 1100 661 1141 et
685 1090 792 1144 diei.

212 1214 214 1217 .
255 1171 543 1224 Nocturnum
563 1180 742 1234 tempus
763 1187 926 1219 somno
951 1179 997 1219 et
1017 1172 1224 1223 ebrietati
1244 1175 1388 1238 magis
1408 1184 1716 1240 opportunum
1750 1196 1766 1226 ε

186 1249 298 1301 hinc
310 1251 391 1315 qui
403 1249 654 1297 dormiunt.
666 1284 696 1296 ..
718 1245 833 1296 Dies
846 1251 957 1296 vero
971 1247 1135 1312 vigiliae
1162 1253 1473 1300 etsobrietatis
1487 1261 1667 1318 tempus
1679 1261 1770 1305 est.

253 1323 311 1382 Ῠ.
338 1329 393 1379 8.
428 1328 531 1378 Nos
562 1328 728 1390 igitur,
767 1328 848 1390 qui
876 1326 1156 1390 sumusfilii
1181 1329 1305 1390 diei,
1346 1329 1510 1395 vigiles
1542 1337 1590 1379 et
1626 1331 1770 1383 sobrii

187 1421 355 1465 simus,
381 1419 564 1466 insuper
588 1409 631 1450 et
654 1409 827 1450 armatl.

252 1482 560 1535 Sobrietatem
591 1486 721 1547 supra
752 1481 926 1530 addidit
958 1482 1231 1547 vigilantiae3
1269 1487 1308 1534 si
1333 1402 1582 1550 quisssn
1607 1484 1769 1551 vssilet
1798 1543 1800 1555 Ι

190 1563 395 1628 quidem,
417 1561 500 1615 sed
521 1562 671 1610 ebrius
686 1562 761 1620 sit,
779 1558 902 1607 hunc
922 1560 1075 1623 praedo
1089 1559 1220 1611 facile
1232 1563 1455 1628 subripiet
1474 1572 1521 1613 et
1537 1563 1769 1638 spoliabit.
1798 1559 1800 1593 ³

258 1639 353 1690 Hic.
369 1649 518 1690 autem
539 1656 661 1688 arma
680 1641 913 1688 sobrietati
931 1640 1215 1705 superaddit,
1236 1645 1340 1707 quia
1359 1642 1616 1709 hominem,
1630 1645 1769 1692 etiam
1798 1648 1800 1653 ’

188 1721 374 1787 vigilem
400 1731 444 1771 et
462 1720 698 1780 sobrlum
722 1717 837 1766 sed
826 1736 1075 1778 mexmem
1103 1719 1364 1772 latrolacile
1389 1723 1596 1803 conficit.

256 1793 417 1861 Itaque
449 1793 635 1859 vigiles,
666 1794 840 1853 sobrii,
871 1796 1028 1842 armati
1055 1797 1216 1844 simus.

256 1876 424 1925 Induti
447 1875 641 1922 Ιονιειιτὴ
659 1871 815 1938 fidei,
846 1871 892 1920 id
914 1880 1015 1933 est,
1043 1872 1278 1937 dogmata,
1300 1876 1363 1924 ait
1391 1865 1454 1925 D.
1477 1869 1767 1941 Chrysosto-

186 1973 306 2007 mus.
338 1955 399 2003 Et
425 1953 698 2015 ehericum,
732 1951 778 1999 id
805 1959 904 2012 est,
932 1951 1104 1999 bonam
1143 1953 1301 2002 vitam.
1327 1950 1461 2002 Idem
1485 1950 1769 2019 Chrysosto-

187 2053 305 2087 mus.
329 2035 391 2082 Et
405 2035 589 2095 galeam
609 2049 836 2095 spemf,....
856 2047 961 2094 spes
984 2039 1133 2078 autern
1155 2030 1308 2081 salutis
1331 2033 1469 2082 nobis
1493 2050 1576 2099 per
1597 2029 1767 2083 Christi

188 2114 355 2164 merita
379 2112 616 2176 promissae
634 2145 648 2171 ‚
669 2110 726 2156 sit
748 2109 912 2156 mentis
933 2115 1103 2156 nostrae
1124 2108 1262 2172 galea.

258 2189 401 2242 Fides
419 2189 631 2239 charitate
651 2189 862 2247 animata,
881 2204 959 2236 cor
977 2196 1022 2237 et
1038 2190 1180 2237 vitam
1195 2186 1397 2236 hominis
1415 2186 1639 2235 interioris
1655 2201 1767 2251 pro-

192 2272 303 2336 tegit
331 2276 378 2319 et
396 2274 659 2325 conservat,
693 2269 808 2314 sicut
834 2264 970 2314 lorica
998 2266 1154 2331 'pectus
1182 2271 1228 2312 et
1251 2265 1495 2322 interiora;
1521 2277 1628 2327 spes
1651 2265 1767 2312 vero

191 2354 400 2397 mentem
422 2346 552 2408 erigit
579 2342 636 2392 ad
657 2342 870 2392 coelestia.

673 2502 992 2539 osssnnva‘rro
1027 2502 1269 2539 moruus.
1301 2484 1306 2488 ’

261 2644 422 2708 Itaque
441 2646 524 2694 tria
549 2645 684 2695 nobis
703 2643 957 2694 necessaria
978 2649 1110 2703 sunt,
1140 2639 1393 2704 vigilantia,
1415 2637 1665 2703 sobrietas,
1688 2655 1764 2688 ar-

193 2733 383 2776 matura.
1776 2765 1780 2775 .

262 2800 343 2854 Ad
367 2801 644 2865 vigilantiam
667 2797 731 2850 D.
755 2795 1115 2865 Chrysostomus
1137 2797 1215 2847 htc
1230 2834 1244 2860 ‚
1268 2799 1316 2847 in
1337 2795 1430 2846 fine
1449 2795 1654 2857 moralis,
1677 2811 1764 2846 nos

192 2887 361 2936 excitat
384 2882 599 2946 exemplo
630 2881 997 2932 funambulorum
1029 2888 1074 2930 et
1103 2879 1427 2930 ambulantium
1447 2894 1593 2943 super
1618 2893 1761 2928 cacu-

193 2970 317 3018 mina
338 2974 385 3017 et
417 2966 680 3031 praecipitia.
