1800 3158
500 126 723 165 aarum
756 123 1027 163 Exposrm.
1065 106 1181 174 Cap.
1218 102 1337 162 ΙΙΙ,
1548 99 1675 173 ’439

541 394 810 453 CAPUT
846 390 1235 448 TERTIUM.

725 567 1059 632 Parophmsz‘s.

104 711 252 804 Imm
275 748 418 803 vestri
443 750 719 802 desiderium
743 748 909 797 diutius
929 746 1047 796 ferre
1069 761 1165 794 non
1188 743 1421 805 valente5‚
1449 738 1671 790 decrevi-

102 845 205 879 mus
228 827 357 888 (licet
377 825 467 877 hoc
485 824 634 885 triste)
658 820 859 873 Athenis
880 822 963 872 soli
983 819 1188 886 relinqui.

173 918 236 971 Et
255 918 556 970 Timotheum
575 955 587 979 ‚
614 917 793 968 fratrem
815 924 1018 967 nostrum
1039 952 1051 976 ‚
1079 915 1182 964 licet
1206 911 1319 962 mihi
1341 912 1668 962 necessarium,

102 1006 260 1065 utpote
300 997 390 1049 Dei
428 1001 682 1048 ministrum
716 1005 761 1046 et
798 998 843 1045 in
876 992 1128 1059 Evangelio
1173 988 1343 1042 Christi
1379 989 1672 1057 praedicando

105 1094 259 1127 meum
281 1076 590 1138 coadjutorem
610 1112 624 1137 ‚
648 1076 851 1124 misimus
874 1072 930 1120 ad
951 1089 1035 1120 vos
1053 1108 1066 1133 ‚
1091 1078 1138 1120 ut
1162 1072 1208 1118 in
1226 1068 1319 1117 fide
1338 1069 1603 1127 roboraret,
1626 1074 1675 1117 et

104 1153 162 1202 ad
184 1154 568 1217 perseverantiam
591 1149 814 1200 hortando
837 1156 881 1198 et
902 1147 1179 1198 consolando
1198 1164 1281 1196 vos
1302 1147 1538 1195 animaret.

174 1227 250 1280 Ne
270 1233 371 1295 quis
389 1228 591 1278 vestrfim
613 1227 865 1276 turbaretur
884 1227 929 1274 in
951 1223 1270 1274 afflictionibus
1292 1224 1416 1279 istis;
1439 1222 1524 1285 ipsi
1548 1221 1672 1271 enim

104 1311 226 1360 scitis
252 1309 374 1377 quod
391 1309 447 1358 ad
468 1311 699 1373 passiones
721 1306 1006 1356 sustinendas
1028 1305 1238 1354 destinati
1258 1320 1431 1353 sumus.

174 1402 365 1456 Etenim
381 1443 394 1466 ‚
419 1408 524 1456 cum
547 1404 667 1469 apud
686 1422 770 1453 vos
791 1421 993 1454 essemus
1008 1441 1020 1464 ‚
1045 1403 1409 1468 praedicebamus
1430 1399 1564 1449 vobis
1583 1414 1670 1449 nos

106 1483 324 1536 afflictum
350 1487 434 1549 iri,
465 1483 854 1551 quemadmodum
879 1492 923 1533 et
946 1483 1114 1532 factum
1135 1499 1238 1532 esse
1257 1481 1419 1532 nostis.

175 1662 295 1715 Cfnn
315 1683 421 1730 ergo
438 1665 602 1716 diutius
616 1683 767 1716 rerum
785 1674 1031 1716 vestrarum
1054 1667 1235 1731 ignarus
1252 1680 1355 1714 esse
1368 1669 1466 1713 non
1484 1661 1667 1721 ferrem,

106 1750 342 1808 propterea
365 1740 666 1792 Timotheum
689 1741 746 1791 ad
771 1754 854 1791 vos
879 1744 1013 1806 misi,
1049 1749 1097 1789 ut
1128 1757 1209 1804 per
1238 1757 1342 1789 eum
1370 1740 1534 1787 scirem
1555 1755 1670 1802 quo-

103 1818 245 1867 modo
269 1835 320 1867 se
343 1827 492 1868 vestra
516 1818 630 1867 fides
653 1817 844 1868 haberet
869 1838 880 1865 :

171 1892 440 1945 Metuebam
461 1897 586 1944 enim
618 1911 679 1943 ne
705 1893 820 1944 sorte
845 1912 930 1943 vos
952 1891 1171 1943 tentasset
1196 1890 1410 1954 Satanas,
1434 1896 1673 1960 inanisque

106 1982 153 2023 et
182 1973 484 2023 infructuosus
518 1974 649 2022 fieret
681 1971 812 2023 labor
841 1990 978 2040 quern
1012 1975 1060 2023 in
1093 1973 1227 2023 vobis
1256 1973 1542 2023 instituendis
1575 1976 1690 2033 ini-⁷

109 2049 263 2115 pendi.

172 2122 312 2178 Nu‘nc
345 2129 495 2178 autem
514 2166 527 2189 ‚
554 2131 658 2179 curn
684 2133 707 2179 a
733 2129 867 2177 vobis
896 2127 952 2176 ad
976 2145 1062 2177 nos
1084 2126 1268 2178 redierit
1289 2126 1566 2178 Timotheus
1586 2165 1599 2191 ‚
1627 2137 1673 2180 et

101 2203 297 2255 faustum
319 2206 451 2255 nohis
471 2207 679 2254 nuntium
699 2206 895 2255 retulerit
915 2205 976 2255 de
995 2204 1085 2254 fide
1106 2212 1152 2254 et
1172 2204 1385 2256 charitate
1404 2203 1584 2262 vestram
1610 2206 1689 2257 der

99 2279 354 2330 honorifica
372 2317 385 2340 ‚
412 2298 546 2346 quam
567 2281 745 2332 habetis
767 2283 825 2331 de
846 2282 978 2331 nobis
996 2317 1010 2343 ‚
1032 2281 1276 2339 memoriam
1303 2282 1362 2332 de
1385 2281 1560 2332 ardenti
1580 2282 1671 2332 de-

100 2355 268 2405 siderio
291 2374 380 2421 quo
398 2374 484 2406 nos
507 2358 663 2408 videre
686 2361 933 2417 tenemini,
956 2360 1069 2408 sicut
1085 2365 1130 2407 et
1150 2375 1235 2407 nos
1254 2359 1564 2409 desideramus
1582 2377 1667 2412 vos

110 2438 392 2502 conspicere.

174 2510 373 2578 Propter
418 2512 520 2563 haec
559 2516 692 2564 nobis
728 2517 753 2563 a
789 2512 1042 2564 Timotheo
1079 2516 1283 2563 nuntiata
1301 2551 1315 2577 ‚
1347 2521 1392 2564 et
1417 2518 1671 2579 praesertim

105 2598 291 2657 propter
325 2598 612 2640 constantem
634 2590 773 2641 fidem
800 2592 997 2642 vestram
1013 2628 1028 2655 ‚
1058 2591 1214 2641 fratres
1231 2627 1246 2655 ,
1272 2599 1442 2642 tantam
1475 2595 1524 2642 in
1543 2596 1669 2643 omni

96 2664 307 2733 pressura
334 2675 380 2718 et
400 2666 605 2733 angustia
618 2667 773 2717 nostra
797 2669 1154 2719 consolationem
1172 2670 1356 2734 accepi,
1379 2677 1423 2719 ut
1444 2686 1536 2736 prae
1553 2670 1671 2721 laeti·

97 2746 190 2808 tia,
215 2750 426 2797 omnium
450 2765 654 2799 mearum
672 2747 970 2800 afflictionum
999 2766 1120 2815 pene
1141 2748 1308 2799 oblitus
1329 2749 1509 2801 fuerim.

168 2820 237 2872 lta
258 2827 368 2874 sane
389 2825 530 2874 vitam
557 2841 680 2874 nunc
701 2825 850 2876 laetam
882 2826 999 2876 duco
1017 2863 1031 2888 ‚
1059 2827 1161 2891 quia
1193 2827 1320 2876 statis
1346 2830 1395 2877 in
1414 2824 1629 2878 Domino
1650 2844 1665 2886 ς

97 2907 247 2950 vestra
272 2903 440 2967 quippe
460 2902 506 2951 in
532 2901 623 2953 fide
647 2903 960 2967 confirmatio,
985 2906 1077 2955 vita
1095 2920 1198 2955 mea
1219 2910 1307 2954 est.
