1806 3164
486 47 715 84 ramex
749 49 1034 87 Exposrrro.
1070 35 1187 102 Cap.
1215 33 1316 88 IV.
1571 57 1668 113 ¹⁰9

173 119 284 172 Non
305 119 367 169 ad
397 121 639 184 imperium
662 127 707 170 et
731 119 1093 172 dominationem
1112 158 1126 186 ,
1150 123 1234 173 sed
1249 124 1309 174 ad
1329 126 1630 176 ministerium
1648 162 1664 189 ,

79 235 92 238 -
106 207 156 251 ut
176 197 411 248 humiliter
421 197 666 247 ministres,

171 274 286 326 Non
311 273 382 323 ad
382 272 762 342 destructionem,
786 274 882 324 sed
891 274 950 324 ad
973 274 1348 325 aedificationem.

172 347 289 402 Non
308 349 379 400 ad
386 357 516 399 tuum
540 351 771 413 proprium
793 351 970 402 bonum
990 359 1209 419 tuumque
1228 353 1548 418 commodum,
1579 354 1664 406 sed

108 428 182 480 ad
200 424 420 478 Ecclesiae
442 425 695 476 utilitatem.

173 502 289 557 Non
311 505 367 554 ad
387 513 511 553 tuam
532 503 735 566 gloriam,
753 503 837 555 sed
851 503 907 552 ad
927 499 1103 556 Christi,
1115 504 1322 570 gloriam,
1344 514 1391 555 ut
1412 516 1595 559 sanctos
1618 518 1664 560 et

110 584 280 634 electos
306 581 420 631 illius
441 594 748 629 consummes.

179 659 306 712 Hinc
333 667 379 710 et
397 659 522 708 disce
544 657 667 722 quod
690 662 779 718 quo
806 662 949 723 majus
970 659 1114 710 habes
1136 663 1183 710 in
1207 657 1414 712 Ecclesia
1436 666 1660 715 ministe-

109 734 243 799 rium,
267 741 325 787 eb
344 741 486 800 magis
512 737 678 785 teneris
696 738 871 801 operari
892 744 937 788 et
959 739 1212 787 ministrare
1234 759 1256 794 ς.

175 811 239 864 Et
273 814 378 863 ideo
408 821 594 879 propter
622 821 745 861 tuum
777 813 964 877 gradum
997 832 1091 864 non
1117 815 1272 864 extolli
1297 823 1371 865 aut
1400 820 1656 883 superbire,

109 894 195 944 sed
221 892 445 942 humiliari
479 900 525 939 et
556 899 748 940 tremere
772 890 930 942 debes.

179 966 300 1031 Quia
317 967 612 1015 durissimum
611 966 847 1030 judiciam
859 968 917 1017 iis
943 969 1023 1032 qui
1038 975 1270 1031 proesunt.

183 1045 254 1108 y.
287 1043 364 1094 13.
393 1046 544 1094 Donec
567 1062 864 1093 occurramus
898 1061 1105 1094 omnes...
1137 1042 1310 1110 Syrus':
1335 1045 1489 1095 donee
1524 1048 1665 1097 simus

113 1138 274 1172 omnes
299 1140 439 1172 unum
468 1123 698 1187 quidpiam
719 1125 766 1172 in
790 1122 882 1170 fide
920 1130 965 1171 et
983 1124 1032 1171 in
1054 1123 1312 1186 cognitione
1339 1118 1439 1170 Filii
1467 1119 1584 1185 Dei,
1621 1130 1667 1172 et

112 1217 226 1249 unus
248 1202 319 1249 vir
341 1198 584 1265 perfectus,
623 1202 669 1249 in
704 1215 963 1249 mensuram
1004 1206 1181 1248 statnrae
1221 1197 1514 1263 plenitudinis
1554 1200 1666 1260 ejus.

182 1275 528 1347 Explicatqquae
557 1283 613 1329 sit
644 1279 715 1328 illa
749 1286 1004 1328 sanctorum
1029 1277 1247 1343 perfectio
1289 1277 1345 1325 ad
1375 1295 1506 1340 quam
1534 1277 1664 1327 ordi-

108 1361 270 1403 nantur
291 1355 562 1415 ministeria,
585 1354 806 1419 simulque
835 1354 970 1408 docet
998 1353 1191 1418 quandiu
1226 1352 1434 1402 duratura
1465 1356 1558 1402 sint
1593 1353 1663 1402 illa
1722 1359 1725 1366 ’

112 1430 376 1478 ministeria.
1508 1427 1510 1429 ’

179 1501 242 1554 Et
272 1505 370 1554 haec
403 1507 648 1554 ministeria
682 1506 922 1569 durabunt,
950 1508 1093 1570 iisque
1125 1506 1458 1570 indigebimus,
1486 1505 1664 1570 quoad-

113 1598 256 1645 usque
279 1599 363 1633 nos
398 1599 583 1644 omnes,
613 1583 683 1631 alii
717 1591 817 1647 post
850 1584 987 1644 alios,
1020 1587 1339 1647 perveniamus
1373 1586 1419 1631 in
1442 1599 1580 1631 unam
1616 1591 1663 1632 et

114 1657 322 1707 eamdem
343 1659 492 1707 fidem·
507 1666 551 1707 et
576 1676 730 1708 veram
751 1663 1058 1724 cognitionem
1084 1658 1187 1710 Filii
1210 1658 1312 1709 Dei.

180 1734 338 1782 Donec
373 1752 688 1795 occurramus,
731 1745 799 1785 est
822 1736 1091 1799 metaphora
1125 1743 1304 1801 sumpta
1332 1738 1387 1786 ab
1423 1738 1476 1784 iis
1501 1740 1607 1801 qui,
1636 1742 1664 1787 ὲ

112 1807 303 1859 diversis
324 1810 431 1859 locis
459 1814 646 1874 egressi,
671 1812 727 1860 ad
751 1830 889 1861 unum
911 1812 1059 1861 locum
1085 1815 1280 1878 aspirant
1302 1821 1346 1861 et
1369 1817 1660 1863 conveniunt.

180 1888 248 1940 Ita
275 1891 450 1952 fideles,
474 1891 576 1939 lieet
598 1895 626 1940 ὲ
650 1892 840 1940 diversis
865 1901 996 1942 terrae
1020 1894 1238 1957 partibus,
1262 1884 1320 1942 ad
1355 1893 1565 1943 eamdem
1597 1895 1662 1943 fi·-

115 1976 249 2036 dem,
276 1979 322 2025 in
349 1975 510 2025 eadem
542 1974 772 2039 Ecclesia,
797 1981 883 2028 sibi
921 1981 1119 2030 invicem
1144 1990 1380 2031 occurrunt
1410 1990 1455 2031 et
1486 2000 1663 2033 conve-

112 2053 257 2104 nium.
297 2077 300 2082 ·

179 2129 240 2176 In
264 2129 414 2178 virum
437 2129 705 2192 perfectum.

178 2201 336 2255 Altera
359 2206 647 2271 metaphora,
669 2215 844 2272 sumpta
868 2211 893 2257 ὲ
918 2225 1107 2273 corpore
1132 2217 1176 2258 et
1203 2209 1262 2257 ad
1281 2212 1479 2260 animum
1507 2218 1662 2260 trans—

110 2279 226 2337 lata3
263 2283 375 2331 sicut
405 2285 528 2330 enim
553 2284 758 2334 naturalis
790 2284 932 2334 homo
959 2286 1172 2351 paulatim
1203 2290 1391 2347 crescit,
1415 2287 1660 2348 adolescit,

114 2359 386 2422 tandemque
410 2363 456 2408 in
479 2362 625 2410 virum
651 2361 901 2427 perfectum
931 2373 974 2414 et
999 2365 1197 2414 adultum
1222 2365 1402 2423 evadit3
1437 2369 1496 2414 ita
1523 2368 1662 2430 spiri-

111 2436 239 2491 tualis
262 2435 423 2499 homo,
450 2433 746 2498 Christianus,
776 2442 936 2488 crescit
958 2443 1005 2489 in
1027 2441 1136 2501 fide,
1163 2443 1421 2504 cognitione
1444 2450 1487 2491 et
1507 2458 1661 2491 amore

112 2511 227 2575 Dei,
264 2513 503 2579 evaditque
532 2515 739 2578 paulatim
769 2518 838 2565 vir
863 2507 1036 2567 adultus
1071 2526 1118 2567 et
1141 2518 1364 2582 perfectus
1389 2521 1434 2567 in
1461 2516 1660 2568 Christo.

177 2592 302 2643 Haec
327 2613 433 2659 ergo
467 2597 715 2645 ministeria
748 2597 1000 2659 durabunt,
1029 2606 1073 2648 et
1111 2602 1165 2648 iis
1189 2599 1494 2664 indigebimus
1539 2616 1661 2664 quo-

62 2678 70 2685 ·
107 2670 312 2734 adusque
335 2690 419 2720 nos
452 2671 631 2735 omnes,
656 2673 728 2722 alii
746 2682 847 2738 post
878 2675 1009 2736 alios,
1033 2677 1094 2724 ita
1122 2676 1407 2740 proficiamus
1429 2678 1474 2724 in
1499 2676 1663 2738 cogni.-

110 2749 234 2796 1ione
255 2757 298 2797 et
322 2767 476 2799 amore
498 2749 606 2812 Dei,
633 2760 680 2801 ut
700 2751 947 2803 evademus
967 2755 1014 2802 in
1037 2755 1160 2804 viros
1181 2746 1462 2820 spirituales,
1485 2751 1661 2803 adultos

113 2831 156 2874 et
178 2823 416 2887 perfectos·
