1806 3164
0 0 59 109 μ
68 79 70 82 >
154 74 162 83 ·
390 37 403 42 ό
431 61 653 104 ,τωρωι
687 58 978 109 Emesam.
1015 37 1134 106 Cap.
1173 41 1236 90 V.
1513 34 1609 104 159

61 186 63 189 ’
189 196 193 201 ·
244 186 423 238 namu·
455 184 621 223 umus
643 181 1006 220 exeunt-,wrm
1042 162 1395 216 nrmcmxrio.

116 304 183 357 Ui
203 305 569 358 haim-wilmitas
590 312 634 353 et
651 301 913 367 magnitudo
945 296 1190 349 Christiani
1222 297 1495 347 matrimonii
1519 294 1614 345 cla-

48 386 457 451 rium-intelligatur,
477 385 665 449 ejusque
687 383 897 432 sanctitas
932 383 959 429 ὲ
988 380 1236 444 conjugatis
1270 394 1367 427 non
1400 378 1460 425 ita
1496 390 1613 440 pro-

50 459 250 527 huntur,

118 542 302 610 Duplex
326 546 470 593 notari
487 543 629 593 dehet
646 537 815 590 Christi
841 541 950 588 unio
976 556 1077 589 cum
1097 532 1303 588 Ecclesia
1325 555 1336 586 ι
1358 535 1465 583 unio
1487 530 1616 582 realis

52 630 106 671 et
121 620 337 685 physica,
362 621 471 668 unio
493 617 672 668 moralis
697 625 742 667 et
767 617 972 681 mystica.

84 688 276 745 Realis
295 702 341 744 et
360 694 546 760 physica
567 694 679 743 facta
699 701 765 743 est
792 710 872 757 per
893 693 1248 741 incarnationem
1263 728 1278 753 ‚
1303 685 1390 757 qua
1412 684 1619 738 Christus

58 789 138 822 seu
183 773 330 835 potius
353 767 558 821 Verbum
589 771 823 832 divinum,
852 777 1055 819 naturam
1080 769 1352 829 humanam,
1375 775 1423 817 et
1447 782 1620 816 conse-

59 855 247 912 quenter
267 845 478 896 homines
495 883 508 908 ‚
535 846 865 913 hominumque
881 843 1132 896 Ecclesiam
1155 848 1242 894 sibi
1263 847 1405 895 univit
1423 852 1467 894 et
1488 840 1623 906 spon-

58 926 198 973 savit:
223 931 269 973 et
289 922 391 972 haec
412 925 519 972 unio
547 932 615 973 est
639 926 906 984 arctissima,
940 922 1260 972 indissolubilis
1294 928 1338 971 et
1362 928 1623 976 caeterarum

56 1003 198 1065 origo,

131 1077 313 1128 Moralis
332 1086 376 1128 et
394 1081 583 1144 mystica
603 1078 654 1126 fit
674 1094 756 1139 per
778 1079 966 1142 gratiam
987 1083 1034 1124 et
1063 1075 1358 1136 charitatem,
1383 1068 1470 1139 qua
1493 1086 1626 1134 copu·
1656 1103 1662 1117 „

61 1148 172 1195 latur
194 1142 430 1206 Ecclesiae‚
453 1160 634 1210 sponsae
658 1162 766 1195 suae.

130 1220 378 1285 Utramque
408 1222 523 1271 hanc
550 1224 767 1271 unionem
790 1229 833 1270 et
868 1220 1106 1286 physicam
1126 1228 1170 1269 et
1204 1216 1423 1266 moralem
1461 1213 1633 1272 Christi

65 1315 167 1349 cum
210 1296 418 1347 Ecclesia
441 1306 729 1362 repraesentat
765 1298 1055 1347 christianum
1097 1297 1468 1356 matrimonium,
1510 1300 1554 1342 et
1580 1294 1629 1340 in

70 1376 157 1424 hoc
182 1391 406 1436 magnum
426 1381 494 1421 est
515 1382 877 1421 sacramentum.

135 1448 292 1500 Realis
311 1457 358 1498 et
390 1447 575 1514 physica
599 1450 939 1512 conjugatorum
963 1450 1088 1507 unio,
1123 1465 1202 1498 seu
1240 1429 1362 1498 actus
1388 1449 1632 1497 matrimo-

69 1529 133 1577 nii
167 1535 235 1576 est
258 1528 597 1590 repraesentatio
626 1525 830 1592 physicae
857 1533 900 1575 et
922 1526 1052 1574 realis
1078 1522 1271 1586 Christi,
1302 1542 1382 1589 per
1421 1527 1635 1574 incarna-

73 1608 244 1655 tionem
265 1641 278 1664 ‚
308 1620 410 1654 cum
427 1613 584 1654 natura
601 1612 752 1653 nostra
767 1607 965 1654 unionis·
1537 1594 1542 1599 ⁸

146 1681 412 1732 Hinctanta.
430 1686 678 1747 praecipitur
691 1685 738 1732 in
759 1693 859 1732 actu
883 1681 1110 1746 conjugali
1137 1685 1346 1732 sanctitas
1370 1701 1380 1729 :
1407 1683 1636 1731 Honora-

64 1763 168 1810 -bile
188 1761 464 1809 connubium
484 1796 499 1822 ‚
524 1761 585 1809 ait
609 1759 740 1808 divus
775 1757 941 1808 Paulus
963 1778 973 1806 :
1005 1768 1130 1805 torus
1159 1759 1506 1806 immaculatus.

147 1838 417 1905 Requiritur
438 1840 603 1904 puritas
626 1840 673 1886 in
694 1840 974 1895 intentione,
997 1836 1214 1886 honestas
1235 1839 1283 1885 in
1317 1836 1483 1898 modo,
1523 1851 1639 1885 mo·-

84 1911 253 1962 deratio
277 1918 320 1960 et
337 1913 557 1961 sobrietas
572 1914 627 1961 in
651 1928 750 1961 usu.

153 1986 249 2049 Qui
264 1991 396 2036 secus
410 1986 513 2036 facit
528 2022 540 2044 ‚
565 1986 703 2037 violat
718 1994 1045 2036 sacramentum
1063 2022 1075 2045 ‚
1097 1987 1303 2050 profanat
1325 2005 1419 2038 rem
1437 2005 1607 2038 sacram
1625 2010 1637 2047 ;

86 2067 409 2114 sanctissimam
434 2061 600 2114 Christi
619 2067 836 2115 unionem
861 2067 1048 2128 turpiter
1071 2074 1116 2115 et
1135 2066 1641 2132 impudice-repraesen-

87 2151 178 2200 tatt,
204 2139 272 2192 est
297 2145 421 2207 quasi
443 2142 682 2206 sacrilegus
707 2151 751 2192 et
781 2142 1009 2207 profanus.

155 2219 355 2273 Videant
390 2238 497 2286 ergo
544 2222 770 2285 conjugati
810 2223 1137 2271 sanctissimam
1176 2226 1381 2273 omnium
1426 2225 1646 2273 unionem

87 2304 238 2350 sancte
278 2298 482 2362 etgdigne
507 2306 862 2364 repraesentare,
889 2315 949 2348 ne
983 2298 1095 2347 fiant
1122 2299 1302 2363 profani*
1326 2307 1646 2349 sacramento-

88 2390 188 2423 rum
209 2374 470 2423 violatores.

158 2447 337 2498 Pudeat
372 2450 635 2513 conjugatos
670 2449 992 2499 immoderatos
1012 2486 1026 2512 .,
1053 2450 1333 2515 impudicos,
1367 2453 1442 2514 qui
1476 2458 1650 2503 tantum

90 2526 219 2575 abest
244 2533 293 2574 ut
314 2522 481 2574 Christi
502 2533 547 2575 et
565 2522 785 2575 Ecclesiae
800 2529 1017 2576 unionem
1053 2529 1381 2576 sanctissimam
1406 2527 1542 2591 digne
1568 2546 1650 2578 re-

91 2609 393 2668 praesentent,
419 2605 525 2669 quin
553 2611 598 2652 et
620 2605 737 2667 ipsas
758 2604 924 2654 bestias
952 2603 1031 2653 sua
1047 2603 1301 2654 brutalitate
1324 2612 1555 2667 superent.

158 2676 344 2728 Moralis
368 2683 709 2744 conjugatorum
741 2682 850 2729 unio
868 2717 882 2744 ,
900 2698 979 2731 seu
1007 2681 1250 2745 conjugalis
1291 2679 1505 2739 affectus,
1542 2698 1657 2730 mo·-

93 2757 232 2807 ratem
261 2755 428 2809 Christi
473 2777 576 2809 cum
604 2756 834 2823 Eccssesia‚
861 2778 942 2825 per
986 2761 1278 2820 charitatem,
1322 2763 1541 2812 unionem
1575 2777 1659 2815 re-

95 2843 357 2900 praeseutat.
