1800 3158
526 114 738 152 ‘rmr’mx
771 115 1058 171 exposmo.
1099 101 1216 166 Cap.
1260 101 1321 152 V.
1597 98 1695 164 461

1563 192 1577 210 x

571 380 838 436 CAPUT
878 381 1277 454 QUINTUM.

733 554 1069 619 Paraphrasz's.

134 707 471 812 CAE'rEnmvr,
514 753 573 802 de
597 756 880 818 temporibus
914 763 959 804 et
999 757 1245 804 momentis
1279 756 1441 819 quibus
1473 752 1530 801 ad
1569 751 1692 815 judi-

133 831 252 880 cium
287 838 502 879 venturus
543 832 599 878 sit
642 827 847 880 Christus
882 848 1071 881 necesse
1110 826 1217 881 non
1248 839 1315 880 est
1354 839 1402 880 ut
1438 830 1688 880 scribamus

131 909 282 957 vobIS.

201 980 295 1047 Ipsi
325 963 447 1033 enim
474 987 634 1034 exacte
668 986 811 1044 nostjs
852 982 975 1048 quod
1004 983 1101 1031 dies
1140 980 1331 1033 Domini
1375 982 1610 1046 inopinato
1639 985 1687 1029 et

131 1061 446 1124 inexpectatus
471 1062 661 1121 veniet,
684 1062 796 1108 sicut
824 1058 933 1108 fur
922 1077 968 1108 m
991 1069 1145 1109 noete.

197 1153 317 1206 Cum
333 1159 457 1206 enim
478 1156 696 1220 dixerint,
716 1154 819 1205 Pax
842 1164 885 1205 et
901 1159 1113 1205 securitas
1135 1166 1202 1206 est
1210 1156 1439 1222 ‚nihilque
1456 1154 1643 1219 periculi
1668 1173 1683 1213 ;

128 1242 237 1286 tunc
270 1234 352 1283 illis
385 1236 673 1297 repentinum
712 1235 1004 1298 superveniet
1029 1234 1246 1292 exitium,
1275 1231 1398 1296 quod
1427 1249 1523 1280 non
1564 1229 1685 1280 eifu-

126 1311 251 1374 gient
271 1347 284 1371 ,
313 1311 425 1359 sicut
446 1308 622 1358 mulieri
645 1310 898 1374 praegnanti
922 1316 966 1357 et
991 1309 1109 1358 aliud
1134 1312 1350 1373 cogitanti
1384 1307 1515 1356 dolor
1535 1304 1685 1372 partfis

115 1390 319 1451 repente
341 1386 622 1450 supervenit.

195 1460 264 1512 At
287 1479 396 1518 vos,
426 1461 611 1521 fratres,
653 1478 748 1510 non
774 1463 879 1510 estis
908 1464 955 1510 in
976 1462 1206 1522 tenebris,
1256 1469 1306 1509 ut
1338 1477 1422 1510 vos
1457 1459 1553 1508 dies
1577 1457 1674 1518 ina,

126 1548 339 1608 tanquam
362 1540 432 1591 sur
453 1579 467 1604 ‚
493 1539 819 1606 deprehendat.

193 1635 447 1699 Quomodo
471 1640 594 1688 enim
614 1639 662 1686 in
687 1638 887 1686 tenebris
909 1638 1066 1685 essetis
1087 1674 1101 1698 ‚
1131 1653 1216 1685 vos
1243 1638 1315 1701 qui
1340 1635 1417 1685 filii
1437 1634 1547 1683 lucis
1571 1635 1679 1682 estis

50 1715 51 1718 ’
124 1720 171 1763 et
196 1712 275 1761 filii
303 1714 392 1762 diei
417 1734 428 1771 3
461 1730 546 1761 nos
575 1708 818 1760 Christiani
855 1727 947 1759 non
974 1727 1126 1759 sumus
1148 1709 1396 1758 filiinoctis
1424 1724 1575 1774 neque
1598 1715 1680 1756 te·1

121 1789 381 1844 nebrarum.

190 1880 272 1935 Ne
296 1885 573 1934 dormiamus
601 1900 708 1946 ergo
732 1884 844 1931 sicut
882 1883 1030 1931 caeteri
1050 1919 1063 1943 ,
1103 1881 1186 1930 sed
1210 1876 1447 1944 vigilemus
1473 1888 1516 1929 et
1538 1881 1684 1930 sobrii

120 1979 277 2010 srmus.

189 2076 283 2140 Qui
307 2077 430 2126 enim
451 2075 678 2125 dormiunt
700 2116 709 2137 ,
731 2085 867 2126 noctu
902 2075 1164 2135 dormiunt3
1190 2085 1238 2126 et
1256 2079 1332 2141 qui
1356 2077 1662 2136 inebriantur,

117 2161 253 2203 nocte
283 2153 580 2202 inebriantur.

184 2264 252 2316 At
275 2285 359 2316 nos
378 2304 390 2327 ,
423 2269 499 2331 qui
524 2267 614 2315 diei
635 2282 788 2314 sumus
810 2264 920 2327 filii,
943 2267 1100 2331 vigiles
1126 2274 1170 2316 et
1191 2269 1330 2317 sobrii
1350 2269 1513 2326 simus,
1546 2269 1674 2315 insu-

114 2360 197 2408 per
221 2346 453 2404 etarmati,
475 2343 614 2392 fidem
634 2343 802 2391 scilieet
824 2351 868 2391 et
893 2343 1156 2393 charitatem
1180 2361 1262 2407 pro
1289 2341 1445 2404 lorica,
1471 2349 1517 2391 et
1536 2358 1669 2406 spem

115 2424 267 2474 salutis
290 2441 369 2488 pro
392 2423 514 2487 galea
537 2425 698 2474 induti-

184 2516 327 2584 Spem
357 2519 508 2568 salutis
533 2519 654 2574 dixi;
696 2535 790 2568 non
813 2522 934 2569 enirn
957 2537 1041 2568 nos
1062 2558 1076 2582 ‚
1098 2521 1215 2570 filios
1237 2537 1341 2570 suos
1362 2557 1374 2582 ‚
1396 2516 1525 2570 Deus
1558 2519 1670 2568 des-

113 2601 275 2648 tinavit
299 2600 355 2648 ad
378 2587 736 2659 damnationem,
760 2599 842 2647 sed
859 2600 1114 2649 adsalutem
1132 2609 1346 2649 aeternam
1376 2617 1455 2664 per
1478 2597 1670 2650 Domini

114 2677 254 2724 nostri
288 2673 399 2724 Jesu
426 2671 595 2724 Christi
616 2678 772 2725 merita
787 2677 1122 2741 acquirendam.

181 2798 276 2862 Qui
312 2818 393 2864 pro
418 2802 551 2850 nobis
576 2810 777 2852 mortuus
811 2810 911 2862 est,
946 2813 994 2853 ut
1033 2794 1132 2855 sive
1176 2808 1300 2866 vivi,
1334 2806 1433 2855 sive
1460 2804 1660 2865 mortui,

116 2878 282 2928 aeterna
304 2896 407 2929 curn
430 2879 504 2929 illo
528 2879 665 2944 gloria
690 2881 982 2972 perfruamur.
