1800 3158
150 89 257 157 430
388 110 568 147 pamm
589 106 848 147 EPISTOLAE
881 111 955 148 An
990 93 1499 155 mussat-omnum

221 200 271 251 9.
297 175 482 251 Quam
511 177 655 234 enim
678 179 966 251 gratiarum
994 180 1259 238 actionem
1295 203 1579 254 possumus
1605 186 1730 245 Deo

149 267 444 327 retribuere
474 289 569 337 pro
601 267 781 337 vobis,
812 269 867 323 in
895 270 1040 325 omni
1068 271 1262 344 gaudio
1296 294 1404 344 quo
1437 274 1728 349 gaudemus

149 370 373 429 propter
398 377 492 413 vos
514 369 636 412 ante
657 357 842 413 Deum
865 370 1140 437 nostrum,

174 484 186 489 -
218 470 309 502 ιο.
333 444 508 500 Nocte
536 464 598 500 ac
617 443 702 500 die
721 444 1079 503 abundantius
1102 460 1313 506 orantes
1334 493 1348 519 ‚
1375 443 1435 505 ut
1454 450 1726 508 videamus

150 531 342 589 faciem
372 544 599 589 vestram
621 575 633 598 ‚
664 544 715 588 et
743 533 1107 603 compleamus
1140 555 1203 592 ea
1237 559 1356 608 quae
1387 537 1580 595 desunt
1601 537 1729 594 fidei

151 630 353 676 vestrae.

223 778 303 809 11.
324 750 448 823 Ipse
473 765 650 809 autem
672 754 841 811 Deus’⁴
866 767 915 810 et
937 755 1105 812 Pater
1137 768 1345 826 noster,
1373 770 1428 815 et
1453 759 1723 816 Dominus

147 853 331 898 noster
350 844 503 898 Jesus
531 840 780 899 Christus
806 843 993 918 dirigat
1014 843 1153 901 viam
1183 857 1419 903 nostram
1441 847 1511 904 ad
1533 869 1643 905 vos.

224 1010 303 1043 12.
332 988 441 1043 Vos
469 998 644 1042 autem
688 987 961 1044 Dominus
995 987 1344 1058 multiplicet,
1372 1000 1425 1045 et
1450 987 1725 1045 abundare

145 1069 304 1129 faciat
346 1071 655 1128 charitatem
695 1085 922 1129 vestram
969 1075 1025 1128 in
1065 1074 1296 1131 invicem
1332 1087 1384 1131 et
1417 1073 1474 1129 in
1503 1095 1721 1143 omnes,

150 1163 610 1238 quemadmodum
635 1174 686 1218 et
714 1183 811 1219 nos
833 1163 890 1218 in
910 1163 1088 1220 vobis:

220 1306 301 1359 13.
344 1303 432 1360 Ad
457 1301 830 1359 confirmanda
865 1302 1027 1359 corda
1057 1313 1231 1359 vestra
1269 1301 1382 1358 sine
1426 1300 1643 1372 querela
1662 1301 1722 1357 iu

144 1395 453 1462 sanctitate,
484 1405 608 1450 ante
653 1394 838 1451 Deum
866 1408 914 1451 et
956 1395 1178 1452 Patrem
1217 1405 1493 1462 nostrum,
1533 1394 1591 1448 in
1615 1393 1721 1449 ad·-

141 1496 304 1542 ventu
350 1483 578 1541 Domini
617 1483 786 1541 nostri
842 1483 974 1541 Jesu
1020 1481 1251 1553 Christi,
1302 1502 1428 1539 cum
1472 1479 1722 1538 omnibus

145 1576 345 1633 sanctis
369 1576 502 1645 ejuS.
526 1575 726 1630 Amen.
