1806 3164
0 123 10 159 '7
200 131 205 135 ’
463 122 683 186 τιιιιῖιίἒέι
718 129 1009 184 exposta-104
1046 132 1164 200 Cap.
1202 132 1297 185 VJ.
1571 139 1663 200 ¹⁵71

43 228 222 280 hoc
208 243 356 294 ipsum
372 259 391 287 ,
415 241 496 275 seu
522 230 571 272 ut
593 224 641 271 in
664 222 822 287 spiritu
848 223 987 270 oretis
1016 223 1236 272 instanter
1261 224 1388 271 omni
1422 229 1662 290 tempore,

94 305 284 370 vigilate
302 319 406 354 cum
427 297 591 365 magna
614 298 850 367 sedulitate
873 306 919 347 et
937 297 1304 363 perseverantia,
1333 306 1515 348 orantes
1532 334 1545 359 ‚
1573 314 1670 348 non

95 397 179 448 pro
199 381 335 430 vobis
357 382 561 433 tantum,
586 376 671 425 sed
704 383 750 425 et
774 392 856 440 pro
880 371 1151 424 Christianis
1174 375 1406 424 omnibus.

163 452 226 506 Et
244 472 326 521 pro
345 471 422 504 me
438 454 694 519 speciatim,
714 459 783 512 ut,
811 450 921 499 dum
945 459 1015 500 est
1035 454 1212 501 occasio
1233 451 1600 515 evangelizandi,
1621 462 1669 504 et

95 529 217 592 loqui
238 527 446 588 voluero,
469 525 549 574 det
571 522 698 596 Deus
719 524 891 593 verba,
911 526 1074 590 quibus
1095 524 1234 575 libere
1256 534 1301 574 et
1321 526 1549 591 intrepide
1571 543 1668 576 no-

97 606 200 656 tifin‘
220 601 386 656 facia'm
405 605 620 654 arcanum
640 597 902 666 Evangelii.

161 703 313 778 Cujus
331 703 568 782 Evangelii
586 702 752 770 gratia,
775 705 999 770 legatione
1019 704 1284 776 apostolica
1286 710 1423 757 etiam
1444 723 1599 771 nunc,
1617 699 1674 758 l'i-

106 769 217 838 c&
201 801 250 837 ιιι
275 782 467 850 vinculis
499 772 690 847 {ungor-
711 783 834 831 orate
850 784 982 854 igitur
1000 790 1048 832 ut
1076 780 1208 834 detur
1223 766 1362 845 mihi,
1380 790 1514 850 prout
1529 801 1677 850 opor-

100 869 196 926 tet,
221 852 331 912 illud
352 860 564 911 audacter
594 867 649 908 et
660 854 802 910 libere
828 860 1092 925 praedicare.

171 928 407 1006 Quantum
431 948 584 989 autem
614 938 672 988 ad
694 955 748 988 ea
769 956 870 1005 quae
891 941 948 989 ad
976 958 1051 989 me
1072 948 1279 1006 spectant
1295 979 1308 1004 ‚
1338 943 1574 1006 quomodo
1598 933 1674 1013 res

66 1044 71 1049 ·
100 1034 218 1071 meae
234 1017 456 1079 habeant,
479 1024 527 1065 et
550 1013 661 1089 quid
684 1014 878 1065 faciam.
907 1016 1010 1065 haec
1039 1019 1195 1066 omnia
1224 1014 1491 1083 Tychicus,
1519 1009 1681 1072 noster

102 1074 389 1145 esiarissimus
411 1086 546 1144 frater
565 1101 611 1143 et
643 1093 791 1143 fidelis
814 1090 983 1144 Christi
1018 1098 1261 1166 minister,
1286 1104 1395 1146 nota
1417 1095 1553 1148 faciet
1584 1116 1678 1150 vo-

98 1175 188 1224 bis.

168 1230 304 1301 Illum
325 1241 383 1300 ad
406 1251 538 1301 hoc
526 1241 676 1316 ipsum
705 1254 807 1303 misi
841 1255 976 1302 vobis
995 1289 1008 1313 ‚
1035 1262 1081 1303 ut
1106 1255 1387 1318 cognoscatis
1410 1245 1508 1322 quis
1527 1257 1583 1305 sit
1606 1274 1680 1307 re·

106 1342 211 1383 rum
239 1333 492 1375 nostrarum
515 1334 656 1376 status
675 1364 687 1388 ‚
715 1337 762 1377 et
786 1346 870 1378 vos
898 1330 1174 1379 consoletur.

170 1417 272 1471 Pax
294 1422 351 1470 sit
373 1417 644 1470 Christianis
667 1420 901 1485 fratribus,
924 1432 969 1473 et
991 1424 1183 1475 charitas
1213 1444 1317 1476 cum
1347 1427 1440 1479 fide
1467 1438 1680 1494 augeatur

105 1515 168 1577 in
181 1497 266 1547 illis
287 1501 312 1547 a
332 1494 440 1546 Deo
463 1494 602 1546 Patre
618 1533 630 1557 ‚
654 1506 697 1547 et
721 1503 747 1547 a
770 1496 975 1549 Domino
999 1497 1114 1551 Jesu
1138 1497 1340 1552 Christo·

174 1590 333 1644 Gratia
349 1598 406 1645 sit
429 1604 531 1644 cum
555 1597 768 1646 omnibus
789 1600 864 1663 qui
887 1597 1076 1664 diligunt
1094 1597 1349 1650 Dominum
1368 1605 1575 1654 nostrum
1595 1600 1680 1655 Je-

105 1686 211 1720 sum
236 1668 467 1722 Christum
495 1675 604 1736 pure
626 1680 669 1723 et
690 1678 862 1724 sancte.
885 1671 1057 1726 Amen.
