1806 3164
699 111 1178 181 EPISTOLAE

163 228 264 394 Β.
294 297 639 390 PAULI
675 295 831 384 AD
861 286 1726 436 PHILIPPENSES

483 483 865 548 TRIPLEX
904 482 1398 557 EXPOSITIO,

277 640 526 690 ANALYSI,
559 638 923 692 PARAPHRASI,
958 638 1144 693 ATQUE
1176 631 1610 679 COMMENTARIO.

161 828 472 850 mr

667 956 1235 1038 PRAEFATIO.

165 1144 709 1257 PH1L1PP1‚urbs
732 1180 1153 1254 Macedoniae,
1186 1180 1272 1239 sic
1293 1177 1453 1239 dicta
1479 1176 1560 1237 ob
1582 1176 1735 1236 Phi-

155 1283 410 1364 lippum
426 1327 443 1358 ,
490 1281 828 1342 Alexandri
858 1295 997 1363 pati
1000 1304 1133 1355 em,
1166 1281 1331 1341 illius
1359 1283 1736 1340 instaurato-

169 1404 326 1442 rem.

250 1484 451 1545 Divus
471 1483 700 1544 Paulus
727 1487 791 1545 in
816 1482 1291 1545 Macedoniam
1273 1507 1303 1542 a
1327 1483 1461 1543 Deo
1480 1493 1738 1543 vocatus

162 1583 277 1643 'illo
299 1582 566 1643 mirabili
588 1582 804 1660 mod0‚
829 1583 904 1643 de
930 1606 1054 1663 quo
1073 1584 1218 1644 Act.
1251 1582 1320 1643 16
1339 1628 1355 1658 ,
1397 1596 1461 1656 y.
1492 1605 1529 1666 9
1549 1626 1566 1658 ‚
1584 1582 1736 1642 Phi-

160 1682 372 1766 lippos
395 1684 665 1766 primum
693 1684 872 1760 adiit,
899 1684 1109 1766 ibique
1132 1685 1396 1770 Lydiam
1421 1706 1740 1766 purpura-

164 1786 326 1845 riam
347 1789 655 1847 convertit
678 1786 754 1848 ad
776 1785 960 1847 fidem
983 1832 998 1861 ,
1030 1786 1264 1846 ibidem
1298 1795 1359 1854 ψ.
1399 1786 1496 1845 13.

258 1888 412 1947 Haec
452 1890 659 1968 itaque
689 1887 914 1947 mulier
957 1888 1079 1947 fuit
1124 1887 1411 1967 equidem
1448 1885 1740 1947 Ecclesiae

168 1987 583 2069 Philippensis
601 1991 888 2069 primitiae
911 2013 926 2065 3
953 2002 1012 2048 at
1034 1990 1321 2069 primitiae
1341 1990 1551 2048 messis
1573 2001 1746 2070 post-

179 2087 436 2149 modum
471 2101 530 2149 et
556 2091 679 2150 cito
694 2089 1087 2168 {abundantis
1117 2089 1369 2149 futurae.

259 2188 420 2272 Erga
438 2190 656 2253 divum
677 2192 940 2252 Paulum
960 2237 975 2267 ‚
1000 2191 1346 2273 apostolum
1370 2214 1552 2252 suum
1573 2235 1590 2268 ‚
1610 2193 1747 2254 haec

171 2290 451 2353 Ecclesia
501 2292 621 2353 fuit
665 2317 909 2375 semper
955 2293 1393 2355 studiosissima
1419 2318 1434 2371 3
1489 2296 1748 2376 ipsaque

172 2391 298 2451 sola
320 2415 396 2453 ex
418 2390 510 2454 tot
533 2394 822 2456 Ecclesiis
841 2397 871 2455 ὲ
897 2395 1092 2456 Paulo
1117 2395 1392 2456 fundatis
1416 2440 1431 2471 ‚
1452 2409 1578 2456 tam
1591 2395 1746 2457 boni

172 2493 446 2573 magistri
473 2497 942 2557 necessitatibus
978 2494 1307 2577 providere
1346 2495 1605 2557 sollicita
1626 2540 1643 2571 ‚
1669 2507 1742 2556 ut

165 2592 427 2672 ipsemet
456 2606 719 2655 testatur
743 2611 880 2677 cap.
916 2598 954 2673 4
976 2641 991 2668 ,
1019 2602 1081 2662 fi.
1112 2595 1186 2655 15
1211 2597 1401 2675 hujus
1425 2595 1607 2675 epist.

252 2694 414 2755 Cum
446 2695 759 2758 audissent
788 2719 932 2779 ergo
960 2696 1384 2779 Philippenses
1407 2694 1572 2777 quod
1607 2696 1736 2756 Ros

170 2815 287 2858 mae
309 2797 373 2854 in
388 2798 653 2859 ‘vinculis
674 2798 1061 2861 detineretur
1082 2800 1419 2882 Apostolus
1442 2846 1458 2877 ,
1486 2799 1564 2862 ad
1591 2820 1738 2860 eum

166 2897 474 2967 miserunt
492 2918 633 2958 cum
656 2902 934 2980 pecuniis
949 2899 1445 2984 Epaphroditum
1465 2945 1480 2975 ‚
1505 2912 1641 3034 tssum
1662 2906 1735 2956 ut

413 2999 486 3035 nv.
1550 3021 1571 3040 .,
