1806 3164
193 38 323 102 114
582 82 584 84 .
661 53 922 91 nnsrofflz
945 55 1018 94 an
1042 56 1286 108 Erannos

258 125 423 192 Augm
430 136 582 178 mlum
609 130 817 194 corporis
830 115 975 198 facit,
1001 131 1191 196 scilicet,
1215 149 1380 199 corpus
1399 134 1509 188 facit
1661 154 1754 190 en-
1790 197 1803 201 ᾖ

115 230 121 238 ·
190 213 289 256 tum
317 208 537 271 corporis,
563 205 612 256 id
643 214 729 268 est,
759 203 843 265 sut.
873 200 1180 261 Hebraismus
1215 219 1304 275 est,
1340 229 1425 278 pro
1446 231 1546 272 cres
1610 214 1757 279 {3331-

193 285 354 348 gescit.
1574 298 1601 306 “
1703 338 1715 347 ,

262 357 309 405 S
310 360 535 408 ecundum
557 363 887 425 operationem.
913 359 1037 414 Gr.'
1017 360 1269 429 ενεργείοιν,
1295 366 1345 417 id
1356 376 1443 432 est,
1457 386 1541 435 per
1550 373 1756 423 mtlmam

192 440 290 489 vim
311 448 358 490 et
380 440 627 491 efficaciam
649 439 817 494 Christi
844 446 1005 509 capitis
1020 446 1141 494 intus
1167 449 1344 511 agentis
1363 457 1405 498 et
1431 452 1571 514 etiam
1585 453 1765 507 unius-⁷

194 520 411 583 cujusque
446 520 643 568 membri
676 520 939 571 alimentum
974 521 1398 574 subministratum·
1385 541 1433 574 in
1470 543 1522 577 se
1551 543 1758 611 conver-

195 600 349 649 tentiS.

261 675 322 725 In
351 694 616 726 mensuram
652 677 1008 744 uniuscujusque
1036 681 1263 741 membri,
1291 681 1338 731 id
1371 690 1470 745 est,
1495 685 1655 735 crescit
1675 701 1757 750 pro

194 756 338 806 modo
361 765 407 806 et
427 753 655 821 exigentia
682 757 1030 823 uniuscujusque
1054 760 1268 810 membri.

265 831 390 884 Sicut
411 828 535 883 enim
557 836 605 883 in
639 850 829 899 corpore
858 836 1042 886 naturali
1069 839 1240 900 majora
1271 839 1479 888 membra
1502 840 1644 903 magis
1667 854 1757 888 au-

196 921 413 979 gescunt3
439 915 497 962 ita
519 915 566 961 in
586 916 780 978 mystico
799 931 1006 980 corpore,
1026 911 1310 980 Apostoli-et
1334 918 1608 982 quicumque
1628 933 1761 985 sanc-

132 1024 136 1027 ·
196 993 323 1041 titate
346 992 540 1054 majores
554 1026 567 1051 ‚
601 993 744 1055 magis
764 1000 971 1041 crescunt
991 994 1038 1040 in
1059 991 1273 1043 charitate
1294 1000 1340 1042 et
1362 995 1409 1043 in
1428 987 1642 1044 omnibus
1659 995 1761 1041 vir·-

169 1130 174 1133 χ
195 1068 382 1118 tutibus.
1104 1132 1107 1133 ⁷
1636 1108 1638 1111 v

266 1148 330 1196 In
358 1146 721 1211 oedt'ficationem
746 1145 1037 1196 Ecclesiae....
1063 1155 1109 1197 et
1130 1147 1222 1196 hoc
1243 1146 1348 1196 ideo
1367 1147 1445 1207 fit,
1472 1155 1519 1196 ut
1539 1164 1620 1212 per
1642 1145 1761 1196 cha-

196 1226 377 1274 ritatem
404 1232 636 1285 mutuam,
666 1230 711 1271 et
733 1239 816 1288 per
839 1222 1094 1273 dilectionis
1115 1222 1263 1273 officia
1281 1258 1295 1285 ,
1320 1221 1564 1289 mysticum
1592 1217 1763 1271 Christi

199 1319 387 1366 comm,
420 1301 544 1367 quod
578 1308 646 1351 est
677 1296 880 1350 Ecclesia
898 1335 912 1362 ‚
952 1299 1236 1360 aedificetur,
1267 1299 1576 1363 compleatur,
1613 1296 1762 1364 perfi—

202 1379 356 1430 ciatur.

575 1485 1004 1522 OBSERVATIONES
1043 1484 1382 1521 DOGMATICAE.

271 1607 402 1659 Hinc
422 1605 578 1669 collige
599 1604 850 1654 mirabilem
872 1607 1072 1669 corporis
1092 1601 1316 1654 Ecclesiae
1335 1604 1641 1653 oeconomiam
1659 1622 1671 1651 ε
1690 1604 1764 1666 ip-

204 1693 294 1740 sius
318 1693 450 1750 caput
469 1720 482 1745 ‚
509 1682 742 1742 Christus;
770 1690 865 1732 tota
895 1679 1126 1743 Ecclesia,
1161 1697 1352 1747 corpus;
1385 1678 1548 1744 singuli
1570 1677 1759 1737 fideles,-

203 1765 442 1821 membra;
470 1762 779 1811 membrorum
805 1762 1045 1820 juncturae,
1074 1761 1418 1822 praepositorum
1452 1765 1498 1805 et
1525 1757 1765 1805 ministro-

203 1861 306 1896 rum
329 1839 514 1907 gradus;
540 1838 716 1897 anima,
742 1834 952 1884 charitas.

273 1918 353 1971 Ne
382 1927 537 1969 tamen
566 1914 677 1964 hinc
706 1912 871 1963 inseras
902 1919 1164 1977 peccatores
1193 1912 1270 1977 qui
1302 1910 1489 1973 gratiam
1521 1905 1767 1956 amiserunt

206 2012 335 2056 extra
358 1997 610 2049 Ecclesiam
633 2012 766 2055 esse,
795 2001 982 2058 utpote,
1011 1994 1086 2057 qui
1108 1989 1371 2040 charitatem
1393 2005 1490 2038 non
1508 1986 1701 2041 habent

273 2077 493 2133 Notanda
508 2076 632 2125 enim
652 2081 719 2123 est
741 2071 910 2137 duplex
930 2066 1146 2120 Ecclesiae
1164 2066 1333 2128 forma,
1347 2082 1428 2116 seu
1442 2066 1610 2126 anima,
1629 2063 1767 2113 exte·-

207 2166 301 2214 rior
319 2157 490 2209 scilicet
512 2161 557 2203 et
575 2153 776 2202 interior.

279 2235 521 2290 Posterior,
549 2238 617 2279 est
636 2226 854 2293 professio
875 2225 983 2276 fidei
1005 2223 1256 2274 christianae
1277 2220 1358 2271 sub
1387 2221 1535 2289 capite
1562 2218 1764 2278 visibili,

211 2321 382 2373 Christi
402 2315 605 2371 vicario,
632 2325 812 2358 summo
836 2305 1082 2356 Pontifice.

280 2397 484 2462 Hocque
503 2407 639 2442 sensu
663 2387 779 2436 fides
802 2393 870 2435 est
889 2385 1037 2434 anima
1054 2367 1302 2439 Ecclesiae,
1334 2387 1383 2430 ut
1406 2380 1608 2446 corporis
1627 2376 1770 2428 civilis

217 2489 261 2532 et
283 2475 472 2543 politici.

281 2551 479 2605 Interior
507 2553 553 2596 et
582 2540 823 2607 perfectior
865 2547 934 2588 est
968 2535 1155 2587 charitas
1174 2570 1189 2598 ‚
1226 2528 1313 2598 qua
1335 2531 1481 2581 fidelis
1532 2531 1648 2582 vivit
1678 2526 1773 2582 vita

216 2630 404 2685 Christi.

284 2706 416 2759 Hinc
437 2700 582 2752 fidelis
609 2703 817 2764 peccator
850 2711 943 2745 non
970 2692 1089 2742 male
1120 2695 1401 2755 comparatur
1424 2685 1667 2750 embryoni
1697 2686 1773 2749 qni
1797 2745 1804 2766 ·.

217 2787 313 2844 'vita
332 2778 547 2839 sensitiva
569 2780 707 2841 vivit,
733 2773 884 2827 anima
909 2777 1056 2824 minus
1079 2766 1277 2838 perfecta
1303 2786 1315 2816 ε
1338 2767 1485 2819 fidelis
1501 2774 1651 2818 autem
1668 2767 1773 2830 ξηει-

219 2881 290 2923 {us
306 2906 321 2933 ,
345 2861 525 2917 homini
550 2856 752 2924 perlecto
781 2856 856 2919 qui
882 2850 974 2903 vita
1000 2851 1116 2901 vivit
1144 2845 1364 2898 rationali.
