1806 3164
465 139 687 180 'rnrpmx
721 138 1015 176 Exposrrro.
1054 123 1172 188 Cap.
1222 120 1290 175 V.
1559 120 1651 173 161

93 213 346 283 Ecclesiam
363 252 378 279 ,
405 231 620 283 sponsam
641 230 766 264 suam
785 251 798 275 ‚
825 210 1059 278 exemplar
1083 219 1129 261 et
1146 210 1346 276 regulam
1367 227 1467 261 esse
1489 212 1656 262 amoris

98 310 237 360 quem
257 295 440 343 maritus
463 292 595 342 uxori
619 307 711 340 suae
726 289 883 339 debet.

160 367 328 434 Diligat
348 386 456 434 ergo
477 384 670 418 uxorem
705 383 831 417 suam
866 366 936 415 vir
959 363 1254 429 christinnm,
1289 367 1412 414 sicut
1434 362 1618 412 Chr-rista

99 449 379 501 Ecclesiam.
403 448 468 512 Y.
492 449 574 499 25.
611 483 617 487 «
1491 506 1494 510 ,

161 522 397 588 Secundo,
421 524 556 575 docet
583 522 790 573 maritalis
803 524 848 571 in
881 537 1073 571 uxorem
1090 522 1255 570 amoris
1276 536 1533 570 mensuram
1566 535 1666 568 esse

99 603 426 666 semetipsum,
465 603 501 650 si
521 600 766 650 necessitas
790 597 936 659 soret,
961 601 1095 647 morti
1117 615 1199 663 pro
1235 615 1287 648 ea
1310 595 1508 660 tradere,
1547 598 1668 645 sicut

104 675 313 727 Christus
330 678 528 742 seipsum
550 676 745 724 tradidit
758 694 844 740 pro
872 674 1099 725 Ecclesid.
1125 674 1192 739 JV.
1218 675 1298 725 25.

165 750 346 815 Tertio,
364 753 501 804 docet
519 753 731 803 maritalis
746 756 914 803 amoris
949 754 997 801 in
1018 769 1208 804 uxorem
1238 752 1381 800 finem
1400 751 1662 822 proximum

93 847 205 883 esse
226 848 320 882 suae
342 835 547 898 conjugis
570 831 972 882 sanctificationem
999 840 1133 898 atque
1158 829 1504 896 perfectionem.
1520 888 1531 899 N

164 907 290 960 Sicut
316 911 525 962 Christus
545 910 807 960 Ecclesiam
829 911 995 959 dilexit
1016 919 1067 958 ut
1089 928 1194 958 eam
1227 906 1550 972 sanctificaret
1561 925 1580 966 ‚·
1604 908 1666 956 ita

97 987 169 1037 vir
187 1002 379 1037 uxorem
403 985 554 1051 diligat
575 993 623 1036 ut
649 986 769 1036 illam
790 986 1069 1047 sanctificet,
1094 975 1150 1035 fi.
1175 984 1256 1034 26.
1630 1035 1632 1037 ,

128 1120 130 1122 v
168 1057 372 1125 Quarto,
409 1061 543 1132 docet
570 1061 777 1124 ejusdem
818 1060 1000 1112 amoris'
1021 1061 1164 1111 finem
1199 1060 1413 1110 ultimum
1450 1074 1550 1108 esse
1573 1074 1668 1111 suae

98 1136 302 1200 coniugis
320 1133 515 1186 futuram
537 1153 640 1185 cum
662 1133 767 1186 Deo
792 1139 1011 1186 unionem
1033 1145 1268 1186 aeternam.

165 1209 292 1263 Sicut
319 1209 525 1262 Christus
561 1210 816 1263 Ecclesiam
846 1216 1173 1278 sanctificavit,
1203 1222 1254 1262 ut
1287 1230 1393 1260 eam
1434 1211 1672 1260 exhiberet

99 1290 195 1338 sibi
212 1291 430 1352 sponsam
449 1291 808 1340 immaculatam
824 1328 836 1351 ,
863 1283 920 1342 fi.
941 1309 1003 1357 27
1022 1312 1034 1350 ;
1370 1289 1373 1291 ’

168 1360 239 1413 Ita
269 1365 338 1412 vir
361 1366 601 1428 conjugem
640 1382 764 1415 suam
785 1402 800 1428 ‚
829 1371 1043 1433 quantum
1081 1373 1150 1415 est
1170 1368 1219 1415 in
1244 1365 1349 1428 illo,
1375 1364 1624 1416 sanctificet
1647 1397 1663 1426 5

98 1447 151 1490 ut
175 1456 276 1490 earn
295 1435 399 1488 Deo
416 1438 599 1504 dignam
619 1440 795 1490 reddat.

170 1515 298 1567 Hinc
332 1534 440 1582 ergo
473 1517 614 1589 discat
650 1521 831 1569 maritus
853 1556 867 1581 ‚
892 1523 1026 1583 quam
1051 1527 1212 1581 tener,
1258 1525 1301 1568 at
1332 1522 1469 1584 quam
1495 1536 1661 1586 puruS,

101 1590 238 1660 quam
273 1593 462 1658 vigilans
505 1603 550 1645 et
571 1595 819 1645 laboriosus
841 1594 1008 1645 debeat
1030 1612 1130 1645 esse
1164 1612 1269 1644 suus
1293 1611 1398 1660 erga
1421 1596 1664 1662 conjugem

103 1687 248 1726 amor.

154 1742 312 1799 Amet
327 1752 501 1810 tenere,
519 1749 602 1799 sed
617 1753 747 1816 pure,
765 1752 880 1800 sicut
899 1744 1129 1807 Christus;
1145 1757 1267 1799 amet
1280 1750 1518 1815 vigilanter
1534 1760 1579 1801 et
1596 1751 1668 1801 la-

96 1820 309 1876 boriose:
338 1827 423 1890 ipsi
445 1830 698 1876 necessaria
719 1826 954 1891 provideat
973 1836 1017 1877 et
1037 1827 1325 1892 suppeditet,
1356 1835 1399 1876 et
1424 1830 1564 1892 ipsius
1587 1831 1663 1879 in·-

95 1903 330 1953 firmitates
354 1902 550 1967 toleret,
588 1906 673 1969 ipsi
693 1907 1014 1970 compatiatur3
1049 1908 1162 1954 sicut
1199 1901 1406 1954 Christus
1448 1905 1663 1971 providet

94 1976 335 2039 Ecclesiae,
362 1987 450 2030 etc.
1561 1984 1563 1986 ’

144 2052 240 2106 'Sic
258 2063 407 2105 autem
433 2056 670 2122 provideat
694 2064 740 2106 et
761 2058 1017 2123 suppeditet
1037 2062 1287 2110 necessaria
1308 2095 1321 2120 ,
1353 2067 1401 2110 ut
1423 2059 1548 2110 luxui
1563 2076 1660 2110 non

94 2131 346 2197 indulgeam
374 2135 438 2182 sic
459 2133 661 2198 invigilet
684 2136 787 2200 ipsi,
813 2142 860 2184 ut
883 2137 979 2184 eam
1005 2152 1099 2185 non
1119 2139 1450 2196 contristet;sic
1475 2146 1600 2202 regat
1613 2146 1660 2188 et

94 2210 316 2276 imperet,
344 2219 392 2260 ut
413 2228 507 2262 non
528 2220 686 2276 cogat;
711 2214 778 2261 sic
801 2221 950 2271 amet,
977 2220 1135 2264 utnon
1154 2203 1415 2274 aemuletur;
1442 2218 1506 2265 sic
1527 2233 1657 2266 com-

92 2286 264 2350 placeat
285 2295 331 2337 et
348 2290 671 2352 compatiatur,
697 2296 746 2338 ut
764 2307 857 2339 non
882 2290 1112 2348 aduletur;
1142 2295 1207 2342 sic
1226 2292 1452 2355 honoret,
1482 2302 1530 2344 ut
1557 2293 1653 2345 non

93 2363 280 2413 extollat
299 2373 346 2414 et
372 2364 531 2420 inflet:
560 2364 620 2416 illi
648 2369 705 2416 sit
728 2375 880 2429 totus,
907 2377 955 2418 ut
991 2387 1087 2418 non
1111 2373 1167 2421 sit
1190 2388 1377 2434 servus,
1401 2372 1483 2422 sed
1504 2389 1657 2438 spon-

90 2459 171 2493 sus
195 2460 207 2492 ε
229 2445 488 2494 auctoritate
507 2481 522 2506 ‚
545 2447 657 2495 sicut
671 2449 719 2496 in
748 2443 931 2498 Christo
955 2452 1193 2500 auctoritas
1214 2459 1259 2502 et
1281 2469 1408 2502 amor
1428 2454 1474 2502 in
1493 2449 1660 2503 Eccle-

90 2521 208 2573 siam
231 2530 334 2572 sunt
352 2523 686 2587 inseparabiles,

163 2592 273 2658 Quo
305 2605 454 2647 autem
479 2601 622 2661 major
641 2609 710 2650 est.
731 2603 816 2651 viri
850 2603 898 2652 in
934 2605 1175 2669 conjugem
1210 2610 1470 2669 arictorita3‚
1496 2615 1655 2675 utpote

92 2674 372 2722 auctoritatis
395 2670 564 2724 Christi
585 2677 634 2725 in
653 2673 908 2728 Ecclesiam
928 2684 1154 2733 emanatio
1175 2691 1223 2733 et
1254 2686 1533 2750 participatio
1552 2720 1569 2750 ,
1593 2687 1651 2735 eb

91 2746 289 2794 sanctius
311 2744 382 2795 illa
406 2756 580 2809 utatur,
605 2749 700 2817 ipsa
722 2769 953 2819 nunquam
971 2756 1193 2808 abutatur.
1456 2807 1458 2809 ,
1592 2804 1596 2809 .

166 2816 301 2870 Felix
323 2827 597 2877 connubium
611 2865 624 2890 ‚
650 2831 698 2878 in
718 2848 807 2897 quo
823 2834 1004 2883 maritus
1020 2831 1250 2888 Christum
1264 2834 1515 2889 Dominum
1525 2854 1658 2888 sem··

94 2913 178 2961 per
212 2901 378 3016 cogitat
405 2907 453 2950 ut
475 2904 699 2968 imitetur,
726 2905 895 2958 faciens
919 2924 1022 2974 erga
1053 2929 1266 2977 sponsam
1291 2912 1412 2982 quod
1430 2904 1652 2963 ‘Christus

300 3004 313 3017 .
1396 2999 1445 3045 7.
