1800 3158
495 130 711 168 'rnrpnnx
737 130 1024 167 ExpostTlo.
1064 116 1180 181 Cap.
1217 115 1267 168 Ι.
1555 116 1658 184 3¹7

166 190 290 257 Nota
307 191 511 257 secund&
533 221 715 252 omnem
739 204 1071 268 plenitudinem
1087 239 1104 262 ,
1133 204 1181 253 id
1202 211 1297 267 est,
1336 222 1524 255 ornnem
1545 222 1658 272 per-

97 280 348 332 fectionem
391 281 655 346 sapientiae,
694 281 876 343 gratiae,
912 282 1166 344 potentiae,
1205 278 1389 331 Christo
1436 290 1483 332 ut
1519 285 1658 350 capiti

100 373 186 406 con
1654 395 1655 399 ,

170 374 360 484 guar?-
364 448 446 498 per
483 439 630 496 partes
661 433 883 496 recipiunt
920 430 1038 479 dona
1076 429 1198 480 Dei:
1237 428 1444 482 Ch1istus
1465 450 1655 486 omnem

97 506 242 561 habet
262 510 614 576 plenitudinem,
641 527 736 558 non
759 509 905 558 solum
926 512 1105 573 gratiae,
1128 510 1212 559 sed
1232 519 1278 559 et
1303 510 1583 563 Divinitatis.

165 585 290 638 Nota
320 589 485 647 tertio,
521 588 815 644 ἰηΙιαόἰίαι-ε,
844 604 939 635 non
977 588 1035 636 ad
1066 595 1272 652 tempus,
1312 588 1396 638 sed
1431 595 1652 655 perpetuo

95 673 143 716 et
165 665 518 732 inseparabiliter
544 684 556 714 ε
587 682 681 715 non
705 669 878 715 tantum
904 666 962 715 ad
987 669 1328 731 operationem,
1354 668 1437 717 sed
1464 686 1547 734 per
1564 685 1652 721 es-.

93 745 303 794 sentiam.

162 815 334 868 Omnis
367 819 520 884 itaque
545 820 682 882 gratia
713 820 845 883 capiti
882 835 1103 882 congrua,
1132 818 1189 867 ad
1210 818 1394 883 plenum
1423 837 1566 886 usque
1602 823 1651 872 in

90 895 276 949 Christo
304 901 449 963 capite
471 906 628 948 nostro
661 899 820 948 sedem
857 900 996 948 fixam
1030 907 1076 948 et
1109 908 1371 964 perpetuam
1393 900 1533 951 habet
1555 920 1567 961 ;
1592 903 1650 952 ad

90 985 184 1037 hoc
205 986 374 1037 scilicet
390 1022 404 1049 ,
428 994 478 1036 ut
498 990 523 1036 a
556 989 698 1051 capite
722 986 829 1036 fluat
848 988 903 1037 ad
926 990 1133 1038 membra
1154 1008 1165 1046 ;
1189 1005 1267 1037 seu
1292 1024 1305 1047 ,
1329 997 1376 1038 ut
1399 993 1649 1055 unusquis-

94 1073 185 1130 'que
206 1065 352 1115 fidelis
371 1068 558 1131 gratiam
580 1066 666 1115 sibi
687 1058 948 1131 congruam,
975 1085 1056 1136 pro
1081 1084 1162 1116 suo
1189 1070 1347 1130 modo,
1368 1070 1414 1118 in
1437 1066 1644 1133 Christo,

92 1141 331 1204 gratiarum
358 1140 486 1190 fonte
525 1140 715 1191 hauriat.

155 1213 283 1267 Hinc
303 1217 361 1267 ad
382 1214 639 1283 Christum,
662 1221 817 1284 gratiae
848 1218 1023 1271 fontem
1044 1257 1058 1283 ,
1082 1222 1216 1271 nobis
1238 1223 1450 1272 continue
1480 1238 1645 1272 recur-

83 1293 293 1344 rendum.

152 1364 210 1423 Ῠ.
241 1388 322 1420 20.
345 1370 408 1419 Et
421 1388 508 1436 per
520 1389 624 1420 eum
648 1375 944 1422 reconciliare
964 1376 1123 1425 omnia
1150 1377 1197 1423 in
1220 1376 1391 1437 ipsum,
1414 1374 1462 1424 id
1484 1383 1572 1437 est,
1599 1384 1646 1426 et

21 1484 26 1488 ,
83 1460 169 1510 per
197 1441 454 1507 Christum,
493 1462 587 1495 non
625 1463 705 1511 per
735 1447 974 1513 Angelos,
1012 1451 1165 1499 omnia
1207 1450 1436 1498 terrestria
1470 1448 1642 1500 scilicet

86 1529 134 1571 et
155 1521 354 1572 coelestia
372 1559 385 1584 ,
414 1523 702 1572 reconciliare
723 1525 828 1575 sibi„

149 1600 213 1648 In
242 1602 423 1663 ipsum.»
449 1597 749 1650 Hebraismus
778 1603 1037 1666 significans
1064 1602 1166 1651 sibi.

150 1677 461 1741 Pacfficans,
505 1678 553 1727 id
598 1686 691 1739 est,
742 1681 1044 1746 pacificando,
1067 1698 1151 1744 per
1185 1682 1462 1745 sanguinem
1499 1700 1639 1747 quem

80 1751 289 1807 Christus
310 1759 358 1806 in
380 1758 523 1806 crucis
543 1755 617 1806 ara
646 1756 786 1820 fudit,
814 1759 1028 1809 homines
1051 1767 1096 1808 et
1126 1756 1346 1823 Angelos.

147 1833 396 1886 Peccatum
427 1834 597 1885 fecerat
633 1838 887 1886 inimicitias
916 1841 1032 1886 inter
1058 1837 1218 1885 coelum
1251 1845 1295 1886 et
1327 1845 1521 1897 terram
1558 1856 1641 1904 per

76 1908 246 1964 Christi
266 1917 531 1979 sanguinem
562 1913 759 1963 deletum
777 1923 843 1963 est
863 1914 1466 1978 peccatumsinimicitiarum
1481 1933 1638 1967 causa:

74 1987 231 2052 sicque
255 1989 481 2053 pacificata
501 1996 605 2038 sunt
635 1988 799 2038 coelum
824 1997 870 2038 et
891 1998 1021 2040 terra.

145 2062 264 2115 Cum
294 2063 357 2117 D.
395 2063 730 2132 Chrysostomo
765 2071 931 2117 mirare
970 2067 1090 2134 quod
1112 2085 1194 2117 nos
1226 2068 1532 2120 reconciliavit
1556 2088 1639 2136 per

6 2206 11 2216 ι
72 2143 247 2206 ipsum,
273 2159 355 2207 per
383 2151 606 2205 mortem,
629 2161 709 2209 per
733 2162 930 2195 crucem.

143 2215 363 2284 Magnum
409 2228 476 2270 est
509 2220 797 2271 reconciliare
820 2240 904 2286 per
939 2223 1121 2285 ipsum:
1156 2223 1301 2283 majus
1337 2230 1382 2272 et
1410 2228 1465 2273 eo
1491 2226 1635 2287 majus

69 2297 156 2355 ‘per
176 2296 480 2363 sanguinem;
501 2304 548 2345 et
579 2294 728 2346 adhuc
750 2301 806 2346 eo
845 2299 987 2360 majus
1007 2333 1021 2360 ,
1050 2314 1133 2359 per
1156 2314 1354 2347 crucem.
1390 2296 1453 2347 D.
1475 2295 1635 2364 Chry-

72 2374 317 2420 sostomuS.

258 2524 672 2565 OBSERVATloNEs
711 2531 1032 2569 DOGMATICAE
1067 2533 1134 2568 ΕΤ
1170 2534 1426 2572 MORALES.

139 2655 196 2708 In
229 2662 437 2712 versibus
472 2662 532 2713 18
552 2699 567 2725 ,
607 2682 692 2730 19,
717 2685 782 2716 20
809 2683 1005 2732 agnosce
1041 2668 1246 2719 relativas
1277 2664 1447 2718 Christi
1469 2668 1631 2735 digni·

70 2742 184 2785 tates
205 2772 219 2797 ,
245 2745 290 2787 et
313 2742 378 2789 eis
401 2741 457 2790 ad
479 2749 605 2791 tuum
627 2742 880 2807 profectum
903 2754 1048 2798 utere.

138 2810 283 2879 Caput
303 2824 373 2866 est
391 2814 636 2883 Ecclesiae,
662 2831 792 2888 caput
813 2830 935 2874 tuum
956 2833 1026 2874 est
1044 2861 1057 2887 ,
1083 2833 1245 2892 utpote
1267 2834 1399 2892 caput
1419 2826 1625 2891 corporis

66 2897 191 2959 cujus
209 2913 258 2946 es
285 2899 563 2951 membrum.
