1800 3158
169 62 270 116 230
586 75 847 114 Emsronffi
875 78 942 115 An
969 75 1332 120 PRIUPPENSES

157 173 161 175 ·
237 147 349 201 Νοῐ]
367 150 485 200 male
512 158 667 202 tamen
689 152 747 201 ab
771 151 869 202 aliis
895 151 987 203 hoc
1006 155 1158 219 ipsum
1178 155 1444 223 intelligitur
1460 144 1739 223 demine

108 268 110 270 ,
169 223 310 287 Jesu‚
334 242 416 274 seu
439 222 714 285 Salvatoris;
748 229 851 294 quia
874 227 977 278 licet
996 228 1103 278 illud
1120 229 1334 282 habuerit
1354 239 1382 284 a
1409 240 1734 304 conceptione,

166 301 276 351 illud
312 310 465 353 tamen
504 306 689 368 proprie
715 304 962 370 complevit
988 307 1035 355 in
1074 315 1258 372 morte,
1304 318 1506 380 tuncque
1543 321 1654 368 vere
1690 327 1739 369 et

166 379 370 446 perfecte
397 396 447 429 se
473 376 506 428 J
513 397 640 430 esum
660 387 708 428 et
729 376 1011 431 Salvatorem
1038 382 1268 438 exhibuit.
1324 407 1328 410 ’

238 453 298 512 fi.
328 478 405 510 10.
440 459 503 508 Ut
527 460 575 508 in
595 461 785 508 nomine
803 460 916 509 Jcsu
937 480 1074 510 omne
1087 482 1225 527 genu.
1691 511 1697 516 .

234 532 306 584 lta
329 542 379 584 ut
415 551 579 584 omnes
619 532 810 584 omnino
837 545 1083 601 creaturae,
1127 556 1208 589 seu
1248 556 1350 605 quae
1372 543 1574 594 in-coelis
1597 553 1730 607 sunt,

167 612 317 678 angeli
342 611 515 674 scilicet
555 618 600 661 et
624 614 791 661 animae
814 614 989 674 beatae3
1017 632 1096 665 seu
1138 633 1238 679 quae
1260 619 1308 666 in
1333 620 1492 679 terriS‚
1523 619 1738 674 homines

167 696 412 756 nimirum5
434 711 515 744 seu
537 709 642 758 quae
663 695 711 742 in
735 692 891 743 inseris
909 712 1027 756 ‚seu
1050 696 1192 747 limbo
1208 734 1221 758 ‚
1245 714 1326 747 seu
1345 704 1627 764 purgatorie,
1653 719 1736 753 seu

164 769 346 821 inferno
381 769 645 830 (daemones
679 774 803 820 enim
841 770 944 821 licet
979 776 1160 834 coacte,
1210 770 1443 824 Christum
1484 777 1731 840 adorant),

165 866 327 913 omnes
343 886 358 912 ,
388 851 572 914 inquam
588 886 601 910 ‚
628 858 844 899 creaturae
862 849 918 898 ad
938 867 1111 900 nomen
1133 850 1246 902 Jesu
1260 889 1274 914 ,
1299 870 1378 902 seu
1400 853 1601 905 hominis
1620 857 1735 907 illius

165 930 243 993 qui
266 924 403 978 Jesus
431 932 643 988 vocatur,
686 924 870 977 Christo
895 927 1222 992 genuflectant,
1247 926 1483 981 Christum
1514 931 1732 998 adorent,

165 1001 443 1071 Christoque
469 1012 685 1069 tanquam
710 1003 918 1054 Domino
939 1023 989 1055 ac
1010 1002 1124 1056 Deo
1150 1023 1231 1056 suo
1248 1024 1352 1057 sese
1371 1009 1632 1071 subjiciant.

234 1079 345 1132 Hoc
366 1099 425 1132 ex
452 1090 578 1147 parte
602 1082 788 1147 quidem
812 1083 1064 1147 completur
1088 1100 1238 1144 nunc,
1266 1085 1350 1134 sed
1377 1084 1575 1149 perfecte
1596 1104 1737 1137 com·
1768 1136 1790 1142 ,,

162 1161 359 1227 plebitur
383 1164 429 1211 in
448 1170 660 1211 extremo
682 1162 878 1224 judicio,
904 1164 1019 1211 sicut
1045 1171 1089 1212 et
1110 1163 1234 1227 quod
1261 1165 1479 1229 sequitur.

159 1254 201 1302 ες
232 1234 289 1294 fi.
321 1258 397 1289 11.
427 1241 490 1288 Et
515 1242 668 1288 omnis
699 1242 916 1304 lingua...
942 1242 1192 1290 coelestium
1224 1242 1423 1304 scilicet,
1449 1230 1731 1295 terrestrium

161 1327 208 1367 et
229 1314 516 1381 infimorum
534 1353 551 1377 ‚
574 1317 620 1366 id
645 1325 739 1379 est,
765 1334 927 1366 omnes
951 1325 1165 1367 creaturae
1183 1317 1485 1369 confiteantur
1500 1317 1731 1372 Christum

159 1412 313 1445 rerum
335 1396 544 1443 omnium
581 1391 837 1443 Dominum
862 1410 963 1443 esse
981 1430 994 1456 ,
1028 1402 1071 1443 et
1095 1394 1310 1444 eamdem
1347 1413 1451 1446 cum
1477 1393 1614 1446 Patre
1646 1415 1731 1448 suo
1774 1388 1786 1399 ’

160 1474 350 1540 gloriam
380 1472 568 1523 habere.
1387 1472 1389 1474 ’

229 1550 382 1615 Hujus
404 1559 449 1600 et
471 1568 555 1600 vos
582 1550 751 1600 divinae
771 1549 926 1614 gloriae
952 1552 1192 1615 participes
1217 1553 1367 1612 eritis,
1392 1549 1421 1600 ὂ
1447 1548 1731 1618 Philippen-

157 1634 257 1683 ses!
282 1634 320 1680 si
345 1628 517 1680 Christi
537 1630 799 1680 humilitatis
822 1639 866 1679 et
892 1630 1122 1680 charitatis
1144 1630 1315 1682 fueritis
1334 1634 1598 1683 imitatores.

227 1705 284 1766 fi.
318 1733 395 1763 12.
419 1714 615 1779 Itaque,
649 1713 924 1760 charissimi
944 1715 1085 1762 mei...

227 1791 347 1844 Haec
388 1811 510 1856 vox,
541 1795 698 1858 itaque
737 1799 863 1840 notat
901 1794 1191 1855 sequentium
1237 1811 1341 1843 cum
1364 1793 1730 1859 praecedentibus

164 1873 510 1921 connexionem
534 1878 582 1919 et
605 1863 854 1929 illationem
877 1868 1051 1917 illorum
1074 1886 1132 1918 ex
1152 1872 1264 1920 istis.

225 1947 291 1999 Ut
311 1951 443 2014 igitur
457 1957 597 1997 totam
624 1946 836 2011 Apostoli
857 1955 1058 1996 mentem
1080 1949 1126 1996 in
1146 1946 1217 1997 his
1239 1952 1391 2014 paucis
1415 1951 1568 2007 verbis
1586 1949 1731 2001 intel-

115 2064 118 2066 v
156 2025 296 2091 ligas,
323 2025 563 2076 recordare
582 2027 705 2090 prius
732 2026 788 2074 ab
818 2041 873 2072 eo
891 2022 1130 2073 dictorum.

534 2195 777 2231 NOTANDA
817 2196 884 2230 AD
921 2191 1348 2229 INTLMGENTIAM.

223 2326 374 2383 Initio'
401 2333 557 2398 capitis
585 2331 788 2382 hortatus
822 2340 890 2382 est
924 2332 981 2382 ad
1007 2330 1333 2395 concordiam,
1359 2331 1417 2381 ad
1437 2330 1728 2395 charitatem,

156 2410 215 2461 ad
234 2409 565 2471 humilitatem,
596 2418 688 2459 etc.

223 2484 291 2538 Ut
311 2489 508 2552 pressius
528 2485 585 2535 ad
623 2484 704 2534 has
727 2487 918 2535 vlrtutes
956 2486 1209 2548 excitaret,
1230 2481 1398 2534 Christi
1429 2484 1690 2535 humilitatis
1708 2521 1724 2548 ,

116 2570 118 2572 ’
157 2566 411 2626 eharitatis,
441 2564 719 2616 obedientiae
742 2572 789 2613 et
815 2564 1097 2613 exaltationis
1121 2564 1385 2630 exemplum
1410 2565 1660 2628 proposuit.

224 2640 439 2695 Attende
458 2661 580 2694 nunc
601 2641 937 2692 conclusionem
957 2679 969 2705 ‚
992 2659 1073 2692 seu
1093 2643 1273 2692 adducti
1295 2640 1496 2706 exempli
1518 2640 1721 2707 applica-

158 2724 354 2771 tionem.

221 2796 388 2863 Itaque
403 2831 420 2858 ‚
449 2797 719 2847 charissimi
744 2799 838 2847 mci
853 2835 866 2861 ‚
893 2800 1014 2868 sicut
1031 2815 1210 2862 semper
1241 2794 1463 2846 obedistis
1483 2811 1505 2860 ,'
1528 2795 1686 2863 supple
1706 2834 1723 2861 ,

165 2869 375 2928 obedite.
