1800 3158
123 67 231 138 844
547 88 813 128 emsa-omn
851 93 926 130 An
962 78 1312 134 corossznsts

198 162 262 212 Et
280 165 513 228 proeputt’o
538 168 697 215 carnis
718 174 889 216 veslroe
903 202 922 226 ,
954 168 1003 219 id
1023 176 1115 230 est,
1141 176 1188 220 et
1225 186 1309 250 per
1331 170 1507 222 vestras
1528 164 1706 223 ebhtu

126 225 373 305 piscentias
389 279 404 304 ,
429 259 533 308 quae
551 252 656 294 sunt
675 261 783 294 vera
804 247 1546 298 incircumcisio..
1695 308 1697 310 ,

195 319 284 373 Ε31
306 327 627 391 metonymia,
657 324 745 392 qud
767 330 947 393 signum
972 346 1055 395 pro
1075 346 1126 379 re
1147 327 1400 395 significata
1422 333 1654 398 ponitur.
1695 347 1698 350 ·
1767 326 1770 328 ’

195 399 487 468 Praeputium
517 407 640 454 enim
677 406 802 472 quod
831 423 913 471 per
938 409 1335 459 circumcisionem
1360 408 1703 477 amputabatur,

126 488 226 532 erat
247 482 428 546 signum
463 484 639 548 peccati
674 483 932 548 originalis,
959 486 1007 534 in
1043 503 1135 551 quo
1175 489 1424 548 nascimur,
1450 494 1497 537 et
1530 491 1707 537 conse-

91 567 95 570 ’
130 564 324 624 quenter
364 559 547 624 signum
583 561 968 626 concupiscentiae
1011 569 1056 612 et
1091 565 1299 613 omnium
1332 565 1481 613 carnis
1516 562 1707 630 operum

127 649 236 700 quae
261 652 322 685 ex
345 635 550 699 originali
577 645 769 703 peccato
794 647 1059 703 sequuntur.
1696 651 1699 657 “

197 707 310 760 Ηο0
346 718 500 760 autem
536 714 716 776 signum
754 713 831 762 hic
855 717 1038 780 ponitur
1075 732 1158 782 pro
1190 723 1379 784 peccato
1419 710 1624 781 originali
1661 724 1708 767 et

132 789 536 854 concupiscentia;
573 793 696 857 quasi
727 791 900 843 diceret
927 816 939 843 ;

200 864 323 919 Cum
341 869 629 934 spiritualiter
651 874 785 922 eratis
811 875 976 922 mortui
1004 883 1191 940 peccato
1212 914 1221 937 ‚
1243 884 1340 926 tum
1363 874 1584 939 originati,
1607 883 1707 925 tum

129 947 290 999 actuali
309 956 354 997 et
370 946 605 1012 habituali,
628 953 796 1017 quippe
810 955 887 1019 qui
910 952 1294 1019 concupiscentiis
1311 953 1526 1004 omnihus
1543 955 1709 1022 vestris

130 1027 437 1079 obediebatis,

201 1100 552 1170 Conot'oificaoit
585 1126 690 1155 cum.
725 1106 834 1167 illo,
867 1108 914 1157 id
952 1116 1050 1170 est,
1091 1125 1203 1171 vos,
1239 1109 1454 1174 inquam,
1498 1104 1707 1156 Deus-in

129 1182 374 1252 Baptismo
399 1186 731 1250 conozvificaoe‘t
756 1206 862 1236 cum
906 1182 1092 1237 Clmsto
1124 1208 1140 1236 .·
1185 1205 1266 1237 seu
1299 1185 1464 1236 eadem
1489 1183 1709 1260 potentia

129 1265 268 1313 vobis
289 1264 394 1313 vitae
410 1267 598 1329 gratiam
618 1264 806 1314 contulit
823 1262 908 1330 qua
921 1260 1159 1315 Christum
1175 1266 1417 1333 suscitavit
1425 1263 1710 1337 utgloriosus

127 1341 278 1395 vivat.

100 1483 103 1485 μ
201 1420 422 1471 Donans.
460 1417 564 1487 Syr.
589 1427 635 1470 et
659 1422 861 1482 remisit,
891 1421 938 1471 id
964 1429 1059 1483 est,
1088 1421 1356 1471 condonans
1391 1419 1525 1482 vobis
1549 1419 1712 1468 omnia

126 1495 338 1562 delicta,
387 1499 632 1566 originale,
675 1500 883 1563 actualia,
923 1500 1195 1561 habitualia‚
1239 1508 1328 1552 etc.
1371 1486 1526 1567 idque
1544 1500 1711 1549 merito

134 1580 368 1644 passionis
413 1576 621 1640 Christi,
670 1581 718 1628 in
754 1582 880 1642 cuju's
920 1583 1141 1644 sanguine
1183 1580 1401 1647 baptizati
1449 1574 1605 1674 estis»,
1626 1572 1714 1671 seu

134 1656 263 1719 cujus
284 1659 512 1720 passionis
542 1654 806 1722 Baptismus
829 1666 896 1707 est
920 1658 1176 1722 applicatio.

203 1730 577 1798 fi.14.Delens
603 1738 726 1802 quod
748 1738 962 1785 adversus
982 1755 1066 1785 nos
1090 1745 1192 1784 erat
1212 1731 1647 1798 chirographum-m
1659 1726 1661 1728 ¹
1706 1723 1712 1727 ⁶

205 1811 314 1881 Syr.
337 1820 381 1863 et
401 1812 601 1876 delev1t
626 1820 716 1863 etc.
740 1809 1056 1864 Ambrosius:
1086 1812 1238 1863 deleto
1262 1808 1582 1899 chirographo
1588 1769 1715 1874 quod

139 1899 242 1943 erat
256 1891 566 1942 adversarium
590 1894 744 1944 nobis.

590 2041 680 2078 OBS
688 2042 918 2078 ERVATIO
955 2040 1263 2078 LITTERAus.

211 2180 477 2235 Prudenter
497 2182 577 2235 hic
597 2194 960 2250 commentator,
987 2184 1048 2236 D.
1074 2181 1358 2235 Ambrosius
1382 2178 1717 2245 vulgodiemffi

82 2323 89 2333 Χ
146 2263 419 2314 observavit
443 2260 529 2313 hos
553 2282 714 2314 versus
739 2267 963 2316 obscuros
986 2281 1104 2317 esse,
1123 2265 1224 2329 quia
1245 2260 1384 2311 multa
1395 2262 1451 2309 ‘in
1471 2258 1554 2309 illis
1575 2255 1721 2325 Apo-

143 2337 297 2392 stolus
319 2339 634 2405 conglomerat
661 2342 776 2394 sacta
814 2342 979 2410 quibus
1002 2358 1149 2406 genus
1184 2339 1437 2390 humanum
1475 2338 1535 2387 ad
1558 2336 1719 2419 indul-

145 2422 350 2485 gentiam
367 2423 596 2486 pervenit.
1713 2432 1716 2434 ·

220 2496 304 2549 Ad
330 2498 496 2550 horum
531 2517 646 2565 ergo
685 2499 1069 2562 elucidationem,
1094 2496 1415 2564 distinguenda
1447 2503 1553 2546 sunt
1574 2490 1721 2554 Facit,-

142 2575 485 2643 distinguendae
505 2588 611 2630 sunt
630 2588 675 2629 et
708 2595 915 2644 personae
937 2579 1101 2644 quibus
1137 2579 1453 2629 conveniunt:
1482 2572 1567 2623 aiia
1597 2573 1724 2622 enim

148 2655 278 2709 Patri
308 2660 635 2719 attribuuntur;
664 2659 744 2709 alia
769 2656 888 2709 Filio
914 2662 1212 2710 conveniunt.

222 2734 395 2800 Quoad
412 2738 556 2801 sacta,
582 2737 645 2790 D.
666 2737 864 2799 Paulus,
896 2737 965 2803 ᾔ.
999 2756 1077 2787 11.
1104 2741 1199 2804 egit
1216 2737 1274 2788 de
1296 2733 1567 2802 Baptismo·,
1585 2687 1729 2783 chris·

146 2817 272 2869 ‘tiana
293 2822 638 2871 circumcisione
653 2857 668 2885 ‚
689 2821 776 2888 qua
800 2837 894 2870 non
909 2822 1056 2870 carnis
1085 2837 1186 2887 pars
1204 2819 1452 2882 scinditur,
1470 2814 1731 2867 sedomnia
1790 2807 1800 2899 ’Ξ

152 2906 341 2963 peccata
363 2907 641 2950 resecantur.
1791 2909 1800 2918 ⁹
