1806 3164
518 104 743 155 rumex
773 103 1055 160 Exposrrio.
1093 90 1211 156 Cap.
1249 92 1309 144 V.
1600 79 1698 146 &St

201 178 388 232 Contra
400 175 565 233 luxum
578 178 897 234 conviviorum
907 176 1018 226 vide
1045 175 1358 229 moralitatem
1378 179 1498 257 apud
1516 175 1702 231 Corne-

138 259 246 318 lium
267 261 313 307 ὸ
326 251 524 317 sapide.

178 331 301 387 Ex
313 331 482 392 ultimis
505 322 569 388 y?
604 343 679 397 19,
713 329 870 379 verbis
899 329 990 378 du'o
1025 329 1163 380 discat
1194 335 1344 382 omnis
1377 336 1445 382 cui
1469 322 1697 399 psaii‘eildi·

138 428 301 472 munus
316 404 792 471 incumbit‚Primu1n‚
809 406 933 466 Deo,
948 424 1043 457 non
1061 425 1174 458 voce
1191 415 1377 473 tantum,
1389 413 1470 462 sed
1490 420 1535 463 et
1558 410 1695 463 corde

139 486 353 553 psailere3
396 482 675 544 secundum,
711 488 775 534 sic
811 501 913 534 cum
950 477 1050 533 aliis
1083 485 1371 551 psallentibus
1413 491 1697 549 consentire,

140 571 187 615 ut
209 561 507 628 psallentium
516 561 723 611 omnium
743 562 800 610 sit
837 577 915 610 cor
942 564 1116 620 amun,-
1112 562 1274 609 -anima
1293 579 1400 628 una,
1425 572 1470 614 et
1489 570 1704 631 quantum

141 639 237 690 fieri
262 645 428 704 potest,
455 651 549 684 vox
573 627 676 685 una.

202 715 325 766 ·Non
339 732 455 774 vom,
476 710 558 760 sed
578 720 774 760 votum·
750 746 770 768 ,
788 729 879 760 non
901 711 1122 760 chordula
1146 714 1345 771 musica,
1365 713 1448 761 sed
1461 730 1576 762 cor·
1555 751 1569 772 ,

208 789 321 838 Non
344 795 563 847 cantans,
589 788 672 836 sed
695 805 882 847 amans,
911 795 1073 836 cantat
1094 788 1141 835 in
1164 800 1277 835 aare
1299 788 1401 837 Dei.

207 865 314 918 Hos
331 884 486 917 versus
512 884 571 917 ex
595 863 664 916 D.
685 862 946 931 Augustino
970 863 1106 915 refert
1127 861 1367 915 Cornelius
1387 868 1413 914 ὲ
1436 863 1632 932 Lapide.

213 939 270 1010 fi.
297 963 378 1002 21.
394 947 601 1013 Subjecti
621 948 812 999 invicem
841 948 890 996 in
909 947 1071 1003 timore
1090 946 1279 996 Christi.
1301 943 1385 997 Gr.
1413 945 1520 997 Dei.

212 1023 307 1075 Hic
324 1030 449 1092 ponit
473 1025 681 1090 generale
703 1027 973 1092 principium
996 1023 1252 1074 christianae
1269 1024 1463 1087 politiae,
1492 1025 1690 1086 scilicet,

146 1100 450 1154 obedientiam
473 1102 751 1162 inferiorum,
773 1118 869 1150 non
892 1104 1055 1150 timore
1077 1115 1241 1164 paenae,
1264 1110 1339 1150 aut
1365 1105 1527 1151 timore
1542 1102 1694 1151 homi-

143 1194 276 1239 num,
300 1180 383 1228 sed
402 1181 463 1228 ob
485 1199 566 1230 rev
568 1183 787 1230 erentiam
806 1177 992 1230 Christi.

214 1254 325 1306 Hoc
347 1266 498 1307 autem
527 1261 796 1324 principium
816 1258 1025 1324 generale
1059 1261 1345 1323 prosequitur
1370 1268 1416 1310 et
1441 1270 1522 1324 per
1555 1263 1706 1322 partes

149 1331 342 1396 expticat
369 1335 417 1383 in
441 1335 753 1400 sequentibuS.

627 1509 749 1544 OBSE
755 1507 952 1546 fwA'mo
986 1507 1233 1545 MonALtsf

1503 1621 1514 1643 Ι

215 1654 461 1708 Inferiores
488 1652 719 1708 Christum
744 1659 791 1707 in
814 1659 904 1706 suis
928 1660 1234 1721 superioribus
1266 1661 1485 1723 aspiciant
1511 1676 1522 1706 t
1561 1660 1583 1707 ὲ
1605 1654 1709 1708 Deo

149 1736 323 1800 quippe
356 1737 506 1783 omnis
536 1741 733 1799 potestas
754 1742 799 1783 et
827 1732 1156 1784 subordinatio.

216 1806 384 1861 Omnis
406 1812 609 1874 superior
630 1818 699 1860 est
714 1807 807 1859 Dei
822 1817 868 1858 et
892 1805 1063 1859 Christi
1088 1811 1279 1859 vicarius
1301 1827 1405 1875 erga
1426 1827 1556 1859 suum
1577 1807 1702 1860 inse-

147 1890 330 1938 riorem.
380 1952 382 1955 Ι

155 2000 166 2014 «χ
217 1961 335 2013 Cum
354 1958 480 2026 p'aret
495 1965 630 2027 igitur
652 1961 855 2024 inferior,
881 1959 1113 2013 Christum
1134 1964 1332 2027 aspiciat,
1357 1970 1402 2014 et
1423 1981 1514 2030 prae
1534 1962 1705 2015 Christi

62 2071 65 2074 -
150 2041 317 2090 timore·
341 2047 388 2088 et
426 2036 708 2096 reverentia,
748 2034 953 2088 Domino
981 2046 1027 2088 et
1051 2040 1356 2103 superioribus
1387 2041 1600 2099 obediat3
1642 2044 1708 2092 sic

151 2111 332 2165 Christo
361 2122 405 2163 et
429 2111 532 2163 Deo
551 2114 756 2162 omnium
780 2112 967 2162 domino
987 2113 1189 2163 obediet·

218 2192 427 2243 Christus
440 2201 626 2257 propter
635 2209 718 2239 nos
716 2187 890 2253 factus
902 2198 969 2240 est
987 2191 1198 2240 obediens
1212 2208 1352 2256 usque
1366 2193 1435 2239 ad
1452 2201 1681 2242 mortem..
1690 2230 1704 2243 .

149 2273 282 2334 hujus
303 2273 494 2338 insignis
510 2270 786 2323 obedientiae
806 2268 973 2320 Christi
989 2268 1179 2320 Domini
1194 2271 1458 2320 recordetur
1472 2268 1703 2322 Christia-

152 2362 236 2394 nus
260 2348 408 2394 omnis
430 2345 668 2406 obediens,
692 2362 772 2394 seu
795 2344 998 2408 inferior,
1022 2354 1067 2395 et
1091 2362 1218 2394 suam
1239 2345 1548 2395 obedientiam
1574 2346 1706 2396 refe·-

151 2427 216 2468 rat
233 2417 292 2468 acl
311 2419 617 2468 obedIentiam
633 2415 799 2469 Christi
822 2437 834 2467 ε
862 2436 943 2469 seu
965 2420 1150 2469 obediat
1174 2415 1454 2468 Christianus
1473 2423 1573 2483 quia
1586 2421 1707 2471 obe-

154 2497 268 2546 divit
289 2494 513 2556 Christus,
540 2504 587 2546 et
605 2513 666 2546 eo
687 2500 840 2547 animo
865 2505 910 2547 et
928 2498 1022 2547 fine
1044 2515 1136 2565 quo
1149 2493 1354 2546 Christus
1377 2497 1566 2546 obediit.

219 2574 343 2627 Sicut
365 2578 614 2626 exinanitio
637 2584 682 2626 et
695 2576 922 2626 humilitas
939 2574 1105 2626 Christi
1126 2593 1269 2641 usque
1287 2576 1347 2626 ad
1369 2577 1636 2627 servitutem
1659 2586 1705 2627 et

153 2655 457 2704 obedientiam
483 2653 595 2704 facta
623 2663 691 2704 est
712 2655 804 2705 laus
824 2662 868 2704 et
890 2653 1028 2718 glo-ria
1053 2654 1224 2704 infinita
1249 2651 1339 2704 Dei
1366 2676 1378 2713 ;
1404 2657 1469 2703 sic
1485 2691 1499 2715 ,
1527 2656 1564 2703 si
1584 2669 1704 2703 nos-

152 2735 264 2778 tram
283 2733 550 2779 servitutem
571 2738 614 2780 et
635 2731 942 2781 obedientiam
959 2732 1166 2781 uniamus
1181 2727 1641 2782 Christiobedientiae
1661 2741 1705 2785 et

152 2806 466 2866 exinanitioni,
486 2803 642 2857 Deum
662 2809 710 2858 in
732 2804 935 2870 Christe,
961 2826 1066 2860 cum
1087 2795 1272 2860 Christo
1307 2817 1353 2859 et
1373 2825 1453 2875 per
1470 2805 1702 2859 Christum

151 2881 481 2931 honorabimus
501 2882 697 2934 infinite.
