1800 3158
474 62 714 101 mmmm
739 60 1031 99 lanosum.
1054 46 1177 113 Cap.
1196 43 1229 92 I
1232 44 1280 98 I.
1544 51 1609 103 23
1621 73 1641 104 1

137 139 322 206 Primo,
350 137 673 204 Philippenses
693 135 894 187 hortatur
916 144 966 186 ut
990 138 1154 186 intuitu
1176 135 1412 187 obedienti
1402 153 1458 188 ae
1476 135 1644 192 Chris-

72 223 133 283 ti,
159 220 379 272 obediant
401 226 448 269 et
473 219 589 284 ipsi,
631 217 668 265 si
702 213 859 280 gloriae
901 223 948 266 et
987 215 1272 266 exaltationis
1300 211 1475 269 Christi
1504 219 1649 271 velint

75 312 179 346 esse
199 295 459 360 participes.
540 307 542 309 ’

147 369 293 436 Quasi
316 370 519 421 diceret.
542 364 890 418 SicutChristus
904 367 1129 418 obediens
1148 366 1248 431 fuit,
1271 371 1332 419 ita
1359 378 1406 420 et
1426 388 1512 422 vos
1532 374 1649 425 obe·

76 451 192 500 dite.
1271 443 1274 445 ⁵

45 545 48 547 ’
116 512 122 517 ’
143 522 389 586 Secundo,
412 523 616 573 hortatur
635 530 682 572 ut
706 529 892 587 propter
911 518 1094 585 Deum,
1117 539 1213 572 non
1237 531 1423 588 propter
1436 523 1650 577 homines

81 610 257 656 tantum
279 605 516 656 obediant.

153 684 265 734 Non
297 691 347 734 ut
381 702 429 731 m
445 681 698 747 praesentia
721 677 816 729 mel*
834 681 1051 739 tantum,
1087 680 1134 729 id
1172 689 1271 743 est,
1296 699 1391 766 non
1425 686 1552 750 quasi
1576 703 1653 736 me

83 760 386 812 revereamini
404 764 696 824 praesentem.

153 843 299 910 Quasi
323 844 520 894 diceret:
548 839 661 892 Non
688 838 782 891 mel
805 837 956 903 causa,
981 840 1064 889 sed
1091 837 1183 890 Dei
1202 858 1285 891 vos
1314 844 1533 896 intuentis
1551 865 1654 912 gra·

86 920 177 985 tia,
201 922 386 972 obedite
426 921 593 970 divinis
612 921 709 982 ejus
753 920 991 983 praeceptis
1015 917 1074 968 de
1109 919 1351 970 concordia
1369 958 1382 985 ‚
1423 923 1481 973 de
1505 924 1660 976 ohari-

88 1008 198 1060 tate,
227 1007 315 1049 etc.
336 1001 362 1046 ὲ
389 1014 464 1046 me
480 1000 615 1060 supra
639 994 828 1045 traditis.

159 1083 326 1135 Tertio
345 1121 360 1146 ,
412 1087 516 1149 quia
542 1083 764 1148 hujusque
794 1081 1065 1131 obedierunt
1101 1080 1451 1148 Philippenses,
1478 1096 1526 1139 ut
1565 1092 1664 1158 ipse

90 1171 277 1215 testatur
307 1159 555 1227 Apostolus
578 1182 591 1212 ε
618 1163 739 1210 sicut
761 1176 941 1224 semper
971 1159 1220 1225 obedistis,
1248 1180 1345 1228 cap.
1371 1182 1391 1212 1
1409 1200 1424 1227 ‚
1450 1161 1515 1226 Jff
1544 1165 1574 1215 5
1589 1205 1602 1230 ,
1631 1171 1664 1216 ὰ

90 1239 248 1306 ρνίιηᾶ
268 1241 343 1289 die
371 1260 510 1305 usque
533 1259 673 1288 nunc.

164 1320 243 1373 Ne
280 1321 398 1371 forte
416 1328 700 1385 *segnescant
725 1324 773 1370 in
805 1327 1062 1385 posterum,
1096 1321 1170 1370 vel
1194 1324 1255 1371 ob
1278 1339 1406 1374 suam
1433 1325 1667 1378 obedien-

92 1403 233 1462 tiam,
257 1407 302 1450 et
323 1402 370 1448 in
391 1401 526 1456 bonis
546 1397 758 1461 operibus
784 1399 1186 1461 perseverantiam,
1213 1398 1458 1450 efferantur
1487 1405 1667 1468 animo,

98 1486 261 1529 monet
290 1484 338 1526 ut
364 1474 522 1525 sedulo
547 1482 592 1523 et
622 1472 851 1522 humiliter
885 1489 1012 1522 suam
1054 1474 1243 1523 salutem
1278 1493 1362 1540 per
1380 1477 1502 1527 bona
1528 1495 1669 1544 opera

19 1613 26 1623 J
100 1556 354 1625 perficiant.

173 1635 292 1684 Cum
310 1639 432 1680 metu
446 1639 490 1679 et
513 1639 704 1678 tremore
718 1629 915 1677 salutem
941 1637 1145 1679 vestram
1168 1634 1443 1696 oper-ammi.

167 1717 280 1769 Non
308 1721 481 1768 tantum
519 1716 666 1777 dixit,
697 1710 956 1779 ἓργαζέσθε
973 1752 985 1775 ,
1026 1720 1314 1780 operamini,
1352 1727 1402 1769 ut
1441 1728 1568 1771 notat
1610 1719 1683 1774 D.

18 1812 31 1839 s
104 1795 492 1863 Chrysostomus‚
525 1794 609 1844 sed
629 1809 695 1840 noe
718 1789 1036 1856 τέργσιζεσθε,
1061 1795 1219 1844 sedulo
1264 1805 1311 1845 et
1340 1814 1509 1862 magno
1565 1817 1672 1849 cum

107 1872 256 1923 studio
277 1872 547 1936 operamini.

178 1953 303 2004 Ecce
322 1955 609 2004 sedulitatem
630 1954 676 2001 in
701 1955 834 2002 bonis
854 1954 1065 2017 operibus
1087 1954 1364 2018 requisitam.
1380 1952 1561 2022 Addit,
1611 1962 1618 1968 ”

181 2034 298 2083 Cum
322 2039 444 2080 metu
463 2040 508 2078 et
528 2039 724 2078 tremore
739 2047 755 2077 .·
773 2045 881 2078 ecce
905 2027 1224 2079 humilitatem.

180 2118 263 2172 Ad
287 2112 527 2184 utrumque
547 2126 699 2167 autem
719 2118 886 2166 excitat
907 2117 1029 2181 quod
1052 2117 1290 2182 adjungit:
1315 2121 1441 2170 Deus
1461 2132 1532 2172 est
1552 2128 1677 2176 cm‘m

67 2212 79 2230 ¹
115 2201 196 2266 qui
213 2209 429 2264 operatur
444 2200 494 2246 in
513 2198 696 2247 vobis...
718 2204 762 2245 et
785 2196 904 2244 bona
927 2195 1134 2245 voluntas
1150 2232 1163 2258 ,
1185 2205 1232 2247 et
1249 2197 1423 2250 bonum
1439 2218 1553 2268 opus
1574 2214 1681 2256 sunt

115 2283 143 2327 ὲ
165 2275 256 2326 Dei
275 2275 412 2341 gratia
428 2313 442 2339 ‚
466 2292 559 2324 non
574 2277 601 2322 a
622 2274 789 2322 nostris
810 2273 996 2322 viribus.

188 2361 310 2408 Deus
343 2369 413 2406 est
449 2360 529 2422 qui
549 2367 766 2421 operatur
786 2359 901 2408 velle
924 2366 970 2405 et
990 2356 1229 2423 perficere.
1267 2355 1394 2421 Quid
1428 2365 1637 2428 superbis
1659 2367 1683 2420 ἓ

122 2435 231 2501 quid
250 2435 447 2499 gloriaris
471 2434 527 2483 de
542 2432 664 2483 bona
692 2435 950 2498 voluntate,
977 2443 1051 2485 aut
1082 2436 1208 2485 bono
1226 2452 1367 2500 opere
1391 2436 1554 2502 i'Quz‘d
1579 2442 1683 2492 ha·-

122 2515 200 2564 bes
225 2513 348 2579 quod
362 2531 454 2561 non
478 2514 709 2576 acceperis
727 2514 756 2562 Ρ

193 2602 318 2650 Deus
343 2607 580 2665 utrumque
598 2597 823 2661 'operatur
835 2617 920 2663 prro
963 2618 1049 2649 sua
1089 2597 1212 2649 bonci
1235 2600 1475 2650 voluntate
1533 2588 1678 2670 time,

125 2691 212 2741 age
235 2676 392 2726 sedulo
409 2711 424 2738 ,
445 2673 750 2739 corresponde
765 2677 918 2740 gratiae
939 2676 1157 2739 fideliter,
1171 2693 1232 2727 ne
1254 2676 1329 2728 vel
1345 2674 1420 2726 tua
1439 2681 1682 2748 superbia,

128 2755 206 2804 vel
229 2755 303 2804 tua
329 2758 520 2821 segnitie
542 2754 773 2819 offensus,
798 2764 844 2808 te
864 2757 1066 2824 deserat,
1092 2775 1219 2811 suam
1239 2759 1550 2813 subtrahendo
1570 2780 1685 2829 gra-

116 2833 289 2882 tuitam
306 2836 642 2898 operationem.
