1800 3158
57 78 63 86 '
119 58 223 131 295
439 60 441 62 ’
528 79 798 143 mus‘rorffl⁸
825 85 896 120 An
929 75 1280 126 corossmssizs
1345 38 1358 40 ι
1660 78 1702 103 ι

128 218 1667 257 Q

594 346 865 404 CAPUT
902 350 1253 410 PRIMUM.
1286 308 1289 311 ·

826 519 974 568 Texta
982 539 1017 572 ς.

137 649 424 744 ι.ΡΑυωε
450 733 465 758 ‚
505 691 778 758 apostolus
816 693 948 750 Jesu
987 695 1180 752 Christi
1220 717 1317 766 per
1372 677 1700 756 voluntatem

126 771 255 841 Dei,
281 783 331 826 et
357 771 678 831 Timotheus
699 780 890 833 frater:

197 882 243 913 2.
267 857 360 915 Eis
389 858 478 928 qui
504 872 627 915 sunt
651 862 918 932 Colossis,
942 864 1136 921 sanctis
1165 877 1217 921 et
1243 866 1486 924 fidelibus
1514 842 1698 925 fratri-
1775 931 1777 933 ,

60 1010 64 1014 ,
131 944 230 1002 bus
261 945 316 1002 in
343 945 559 1004 Christo
591 953 736 1006 JeSU.

200 1044 249 1094 3.
275 1038 467 1094 Gratia
499 1039 647 1096 vobis
673 1054 723 1098 et
753 1062 852 1110 pax
882 1046 910 1098 Ξι
941 1044 1060 1098 Deo
1087 1042 1250 1098 Patre
1285 1057 1468 1102 nostro
1493 1059 1545 1102 et
1571 1047 1699 1103 Do·-

126 1123 279 1180 mino
313 1127 346 1179 J
352 1145 440 1179 esu
462 1124 691 1182 Christo,
720 1127 938 1183 Gratias
959 1128 1163 1199 agimus
1185 1128 1306 1184 Deo
1325 1140 1376 1184 et
1397 1129 1549 1186 Patri
1575 1132 1702 1188 Do-

126 1210 262 1269 mini
299 1211 467 1267 nostri
506 1210 637 1268 Jesu
664 1211 886 1283 Christi,
916 1235 1126 1284 semper
1152 1235 1248 1283 pro
1272 1214 1421 1272 vobis
1456 1209 1698 1274 orantes:

196 1383 250 1444 4.
269 1375 566 1433 Audientes
588 1378 750 1432 fidem
775 1389 1004 1433 vestram
1025 1377 1082 1432 in
1111 1377 1326 1434 Christo
1353 1377 1480 1435 Jesu
1502 1422 1514 1448 ,
1545 1390 1598 1435 et
1622 1353 1704 1434 ‹li-⁸

133 1465 421 1521 lectionem
442 1485 602 1534 quam
624 1464 829 1520 habetis
847 1463 903 1519 in
926 1475 1136 1521 sanctos
1154 1486 1340 1528 omnes
1358 1507 1374 1533 ‚

200 1555 248 1607 5.
278 1552 513 1621 Propter
540 1574 689 1621 spem
719 1574 836 1620 quae
878 1553 1109 1621 reposita
1142 1565 1219 1609 cst
1261 1553 1413 1610 vobis
1436 1552 1491 1608 in
1527 1553 1702 1622 caelis,
1792 1606 1799 1623 ,Α

135 1652 297 1703 quam
325 1635 541 1691 audistis
570 1635 627 1689 in
656 1634 817 1690 verbo
838 1635 1071 1692 veritatis
1093 1634 1394 1707 Evangelii:
1795 1631 1800 1637 ’

193 1782 246 1835 6.
273 1779 439 1852 Quod
460 1778 698 1848 pervenit
717 1780 786 1834 ad
814 1799 937 1846 VOS,
959 1779 1091 1835 sicut
1114 1777 1241 1834 etin
1267 1778 1518 1835 universo
1543 1799 1710 1833 mun-

137 1864 206 1922 do
236 1878 350 1935 est,
378 1879 430 1923 et
454 1867 740 1923 fructificat
776 1881 824 1922 et
854 1868 1072 1936 crescit,
1113 1867 1249 1923 sicut
1282 1866 1339 1922 in
1362 1865 1513 1922 vobis
1548 1885 1613 1920 ex
1649 1868 1712 1921 ea

138 1951 223 2008 die
261 1953 366 2021 qua
389 1950 608 2007 audistis
647 1963 698 2007 et
735 1951 1059 2024 cognovistis
1085 1950 1311 2024 gratiam
1341 1949 1449 2006 Dei
1483 1949 1542 2004 in
1570 1949 1728 2006 veri-⁴

140 2030 268 2096 tate.

214 2158 262 2205 7·
286 2133 438 2190 Sicut
459 2132 719 2190 didicistis
740 2133 806 2189 ab
829 2133 1077 2203 Epaphra
1094 2172 1109 2198 ,
1129 2131 1440 2187 charissimo
1456 2148 1710 2186 conservo

139 2232 326 2278 nostro
353 2263 369 2289 ,
411 2219 503 2289 qui
522 2231 574 2275 et
596 2219 766 2275 fidelis
790 2240 889 2289 pro
908 2217 1056 2274 vobis
1078 2216 1319 2272 minister
1338 2213 1536 2270 Christi
1554 2216 1679 2269 Jesu
1694 2255 1709 2280 ‚

209 2308 259 2362 8.
295 2302 411 2378 Qui
451 2301 611 2358 etiam
652 2302 1013 2360 manifestabit
1052 2300 1205 2357 nobis
1231 2299 1715 2356 dilectionemves-

143 2403 283 2447 tram
309 2389 369 2445 in
394 2387 602 2459 spiritu.
1527 2446 1530 2447 ⁷

205 2477 260 2568 ῥ.
282 2493 412 2548 ldeo
441 2503 494 2547 et
521 2511 653 2559 nos,
679 2510 739 2545 ex
773 2490 876 2558 qua
912 2487 996 2543 die
1022 2486 1323 2543 audivimus
1342 2527 1355 2551 ‚
1402 2505 1511 2539 non
1543 2501 1715 2538 cessa·
1767 2523 1778 2532 .

71 2646 78 2653 x
107 2588 118 2605 ⁸
145 2602 267 2638 mus
306 2600 404 2650 pro
426 2579 578 2636 vobis
601 2588 812 2635 orantes
836 2588 886 2631 et
922 2574 1276 2645 postulantes,
1307 2584 1366 2627 ut
1389 2568 1715 2640 impleamini

142 2669 413 2742 agnitione
447 2666 732 2724 voluntatis
774 2666 888 2734 ejus
932 2663 987 2718 in
1025 2663 1171 2720 omni
1200 2659 1455 2732 sapientia
1479 2671 1530 2715 et
1549 2658 1716 2714 intel-

143 2757 285 2814 lectu
309 2754 596 2826 spirituali;

220 2887 299 2922 10.
339 2862 419 2919 Ut
439 2859 718 2918 ambuletis
750 2857 902 2927 digne
931 2858 1055 2913 Deo
1083 2877 1178 2926 per
1204 2853 1408 2920 omnia,
1449 2851 1716 2922 placentes
1787 2836 1790 2839 Δ
