1800 3158
97 140 202 206 436
326 154 507 191 pamm
542 123 807 190 Eplsfotffl.
842 153 914 190 An
947 110 1458 199 rnssssatomchnssss

96 234 125 282 a
147 227 412 281 Timotheo‘
425 231 514 292 jam
540 229 759 288 visitatis,
785 231 991 280 omnium
1015 231 1303 295 praelatorum
1320 270 1335 296 ‚
1361 234 1422 286 de
1436 216 1672 292 suis-§ffi-

98 310 205 386 ditis
229 310 279 358 in
305 305 489 373 propria
510 302 707 370 persona
731 306 999 369 visitandis,
1025 316 1093 358 est
1114 311 1349 360 instructio
1371 329 1384 360 =
1412 312 1554 364 >alium
1573 316 1675 366 mi:-

96 388 241 440 serint
262 384 601 445 Timotheum,
622 383 797 433 debent
823 391 977 434 lamen
998 387 1081 451 ipsi
1085 389 1404 452 personaliter
1419 394 1622 446 visitare·

167 455 475 525 fi.11.1pse
495 470 654 509 antem
683 459 858 510 Deus...
862 459 1020 511 .hanc
1052 466 1246 528 primam
1267 466 1474 533 epistolae
1495 476 1672 535 partem

94 542 197 593 finit
222 542 429 591 oratione
450 538 508 588 ad
534 531 717 587 Deum.

168 616 286 668 Orat
306 624 477 666 autern
490 616 664 680 prime),
695 619 743 662 ut
764 612 820 662 ad
843 631 922 664 eos
942 617 1040 681 ipse
1063 634 1332 684 prosperum
1362 623 1449 672 iter
1480 586 1669 675 habeat.
1684 628 1686 631 ’

96 694 223 752 Vide
242 693 573 762 paraphrasim.

167 770 237 836 Υ.
267 791 345 822 12.
376 771 473 820 Vos
492 778 648 818 autem
676 769 912 818 Dominus
932 767 1261 836 multiplisscet

168 848 410 909 Secunde»,
440 854 537 896 orat
557 855 605 896 ut
623 861 704 896 eos
727 844 855 900 Deus
876 851 1068 912 augeat'
1056 867 1102 898 tn
1125 849 1239 915 fide,
1264 868 1344 902 seu
1358 851 1522 904 fideles
1537 854 1670 906 mul-

101 928 291 995 tiplieet.
600 974 606 982 ,

167 1006 232 1055 Et
257 1002 499 1054 abundare
512 999 677 1064 faciat
695 1001 974 1050 charztatem
1001 1011 1224 1055 vestram.

170 1083 255 1137 Gr.
279 1093 326 1135 et
361 1082 594 1133 abundare
616 1080 748 1132 faciat
783 1081 1016 1133 charitate.

170 1161 353 1224 Tertii),
374 1169 422 1210 ut
447 1167 695 1224 augeantur
719 1176 876 1208 eorum
899 1162 1058 1209 merita
1074 1197 1087 1222 ‚
1117 1177 1198 1226 per
1217 1160 1444 1212 charitatis
1461 1181 1676 1229 augmen·
1699 1154 1710 1160 ”

103 1252 203 1295 tum
222 1259 326 1310 quae
354 1256 537 1306 semper
561 1255 768 1287 crescere
791 1238 931 1287 debet
959 1240 1006 1287 in
1025 1238 1111 1289 hac
1134 1239 1241 1291 vita.

170 1318 529 1372 D.Ambrosius
549 1323 594 1366 et
615 1313 678 1365 D.
702 1312 950 1365 Anselmus
974 1315 1145 1366 habent
1171 1321 1326 1382 etiam,
1354 1319 1590 1371 abundare
1601 1318 1671 1371 sa-

107 1402 194 1449 ciat
213 1397 447 1447 charitate.

171 1474 277 1544 Syr.
302 1483 348 1524 et
373 1471 638 1537 multiplicet
671 1477 711 1519 et
739 1468 968 1519 abundare
992 1469 1123 1520 faciat
1162 1470 1430 1520 charitatem
1467 1478 1673 1520 vestram

102 1559 236 1607 unius
279 1571 383 1619 erga
418 1553 637 1611 alterum,
665 1558 710 1599 et
746 1565 852 1612 erga
875 1566 1278 1618 unumquemque,
1321 1549 1554 1615 quomodo·
1585 1565 1673 1600 nos

105 1650 262 1686 amore
288 1649 375 1684 vos
400 1628 763 1694 complectimur.

83 1753 85 1755 .
173 1710 280 1762 Nos
301 1713 350 1758 in
377 1708 524 1759 vobts.
552 1701 635 1753 Gr.
660 1719 746 1751 nos
765 1720 813 1752 m
839 1719 954 1760 vos,
979 1699 1026 1749 id
1048 1708 1149 1762 est,
1188 1716 1294 1765 erga
1317 1718 1421 1752 v.os

175 1783 456 1853 Jff.13.Ad
477 1779 809 1844 confirmanda
845 1778 985 1826 corda
1008 1785 1163 1827 veslra
1193 1780 1243 1824 in
1266 1778 1548 1836 sanctitate,
1568 1795 1671 1826 stne

107 1863 310 1933 quereld.
336 1859 419 1911 Gr.
444 1859 684 1924 inc.uipata
703 1853 1136 1922 Syr.1ncuipab11a

175 1939 299 1991 Haec
318 1946 470 1988 autem
492 1943 624 1996 orat,
641 1941 688 1982 ut
710 1935 756 1982 in
781 1932 1015 1981 sanctitate
1038 1927 1245 1991 stabiliti,
1270 1926 1361 1977 sint
1383 1890 1676 2050 irreprehen-

98 2020 303 2072 'sibiles
291 2036 340 2068 ln
362 2017 438 2066 die
457 2013 636 2077 judidii.
664 2010 700 2058 V
709 2010 783 2060 ide
811 2008 1135 2076 paraphrasim.

177 2095 243 2147 In
259 2094 472 2146 omnibus
496 2090 553 2140 ad
575 2087 663 2139 Dei
682 2086 899 2151 judicium
919 2085 1136 2150 attende,
1155 2091 1199 2135 et
1221 2083 1281 2134 ad
1301 2080 1443 2132 illud·
1430 2097 1480 2132 m
1495 2088 1547 2131 te
1565 2080 1678 2132 vitae

110 2180 346 2231 sanctitate
367 2189 584 2240 praepaxa.

113 2327 417 2385 Corollarium
438 2321 625 2387 pietatis
642 2355 655 2380 ‚
683 2336 759 2367 seu
782 2318 832 2364 in
858 2314 946 2363 hoc
967 2330 1071 2376 cop.
1098 2308 1164 2368 3,
1189 2307 1256 2356 ad
1269 2291 1493 2371 pfetatem
1511 2302 1677 2360 maxi·

417 2403 489 2451 me}
510 2396 756 2456 ηόίαηᾱα,
784 2401 830 2441 et
851 2414 876 2440 ‹.-
870 2392 918 2439 d
928 2389 1121 2455 praxim
1140 2383 1411 2449 redigenda.

823 2541 995 2590 unum.

114 2695 304 2788 NOTA
323 2732 470 2780 breve
495 2731 535 2772 et
560 2719 730 2788 grande
747 2716 943 2769 verbum
963 2733 974 2763 :
994 2714 1042 2762 in
1067 2712 1155 2760 Ῑιοσ
1176 2706 1273 2769 (ad
1293 2699 1555 2771 patiendum
1574 2700 1677 2751 sci-

113 2811 263 2872 licet)
283 2807 426 2874 positi
449 2816 636 2860 sumus,
667 2792 724 2849 y,
748 2794 797 2845 3.

182 2888 387 2941 Penetra
403 2877 753 2935 necessitatem,
775 2870 1011 2920 utilitatem
1031 2873 1076 2915 et
1095 2861 1285 2930 gloriam
1304 2856 1583 2948 passionum.

182 2964 554 3021 Necessitatem,
582 2956 630 3004 in
652 2952 743 3001 hoc
772 2949 944 3016 positus
970 2953 1038 2996 est
1065 2941 1233 2991 Christ
1239 2952 1369 2990 anus,
