1806 3164
510 61 729 99 ‘rmmAEx
763 57 1051 95 Exposrrro.
1088 40 1207 106 Cap.
1241 40 1288 92 Ῑ.
1627 54 1693 105 19

182 139 424 205 Sopicrilia
449 145 518 188 est
539 153 690 187 rerum
708 195 710 198 .
725 135 984 184 divinarum
1018 132 1218 198 cognitio
1237 150 1250 190 ς
1272 128 1527 196 prudentia
1549 133 1690 192 vero,

10 211 59 261 ³
106 213 384 281 moralium,
410 226 490 267 seu
526 213 819 281 agendarum.
1161 216 1163 218 ’
1467 211 1471 214 ’

39 290 44 301 ’
186 291 421 362 Apostolis
443 301 622 354 autem,
646 288 956 341 Ecclesiarum
977 287 1290 338 fundatoribus
1305 323 1319 350 ,
1348 283 1478 337 Deus
1502 282 1685 352 perfec-

118 378 278 437 tiorem
301 376 562 428 divinorum
585 373 909 438 mysteriorum
934 370 1243 434 cognitionem
1278 367 1404 417 dedit
1431 376 1476 416 et
1510 367 1683 416 intelli-

116 453 344 517 gentiam,
375 458 422 500 ut
447 451 556 500 alios
581 451 854 498 instruerent
876 449 925 496 in
946 445 1059 494 fide.

182 527 326 579 Dedit
353 537 400 578 et
418 529 638 590 majorem
661 525 969 591 prudentiam,
993 531 1042 572 ut
1061 519 1291 572 Ecclesias
1316 524 1509 570 sanctius
1529 536 1678 585 rege-

112 618 217 660 rent
243 619 288 662 et
322 610 381 660 de
411 609 624 660 omnibus
653 609 701 656 in
726 622 867 670 regno
897 601 992 655 Dei
1017 603 1201 670 agendi>-
1231 605 1428 652 securius
1453 603 1681 665 provide-

111 698 230 740 rent.
336 672 348 683 Δ

181 763 304 838 Haec
322 773 474 816 autern
496 761 743 831 Apostolus
765 763 822 813 de
840 779 890 811 se
913 769 958 811 et
977 761 1070 810 aliis
1093 755 1330 824 Apostolis
1348 798 1361 821 ,
1385 759 1503 822 apud
1520 757 1682 826 Ephe-

108 845 202 893 sios
226 844 367 894 libere
399 844 647 910 praedicat,
675 844 778 909 quia
810 838 987 907 Ephesi
1012 840 1187 903 plurimi
1218 846 1343 887 erant
1382 838 1668 903 philosophi,

112 923 187 986 qui
209 939 259 971 se
287 922 406 971 solos
430 923 660 985 sapientes
688 920 932 980 dicebant,
960 934 1072 983 quos
1097 916 1177 965 hic
1200 914 1360 964 refutat
1387 914 1637 980 Apostolus
1653 957 1674 981 ,

10 1050 11 1053 Ἴ
109 997 332 1062 simulque
349 1015 475 1046 suam
496 1016 518 1045 a
525 996 617 1063 pud
638 993 866 1060 Ephesios
883 996 1192 1043 auctoritatem
1222 992 1468 1056 ponderat,
1495 1002 1541 1043 ut
1561 993 1674 1044 erfi-

111 1075 258 1122 cacius
281 1074 579 1139 persuadeat,
608 1076 669 1122 ait
691 1071 752 1122 D.
782 1069 1047 1122 AnselmuS.

177 1145 233 1201 Ῠ.
260 1171 307 1219 9.
337 1151 399 1200 Ue
418 1163 578 1201 notum
583 1150 819 1215 faceret...
853 1167 952 1216 quae
975 1152 1112 1215 gratia
1136 1152 1318 1214 copiose
1344 1148 1482 1199 effusa
1506 1158 1573 1199 est
1591 1167 1670 1200 su·

111 1245 192 1292 per
218 1246 299 1278 nos
324 1227 569 1297 Apostolos
591 1248 703 1296 quos
728 1238 770 1279 et
792 1228 1010 1293 sapientia
1030 1223 1208 1276 sublimi
1234 1234 1279 1274 et
1303 1225 1541 1291 prudentia
1564 1244 1673 1275 coe—

109 1303 209 1353 lesti
239 1302 364 1355 Deus
388 1306 493 1356 ideo
525 1306 745 1370 replevit,
773 1313 819 1354 ut
841 1304 976 1353 nobis
998 1311 1156 1352 notum
1179 1302 1347 1351 faceret
1368 1321 1542 1352 sacrum
1573 1321 1673 1352 vo-

109 1378 287 1429 luntatis
314 1399 407 1430 suae
435 1391 686 1444 secretum,
722 1380 809 1446 qud
839 1382 894 1428 ab
930 1387 1102 1427 aeterno
1131 1378 1417 1440 decreverat,
1451 1398 1545 1429 non
1571 1380 1668 1431 Ju-

110 1453 237 1503 daeos
262 1460 459 1517 tantum,
484 1456 566 1505 sed
589 1458 851 1504 universum
874 1454 1096 1501 mundum
1120 1452 1359 1502 redimere.

177 1529 438 1580 Secundam
464 1534 800 1597 beneplacitum
829 1531 945 1595 ejus.
968 1526 1051 1579 Gr.
1079 1548 1234 1587 suum,
1263 1531 1400 1593 idque
1422 1547 1505 1594 pro
1528 1533 1668 1587 honri

106 1608 339 1658 voluntate
363 1608 469 1670 sud,
499 1627 578 1660 seu
599 1612 725 1659 bono
745 1607 936 1666 assectu3
965 1610 1068 1672 quia
1088 1610 1146 1656 ita
1168 1608 1227 1656 illi
1250 1609 1370 1656 bene
1393 1612 1543 1658 visum
1564 1611 1667 1663 suit.

5 1734 22 1750 „f
178 1683 287 1735 Hoc
314 1703 535 1736 summam
563 1694 690 1735 notat
712 1682 802 1734 Dei
826 1686 1079 1734 bonitatem
1105 1694 1149 1734 et
1177 1685 1456 1748 libertatem,
1486 1696 1530 1736 et
1553 1691 1669 1739 nu}-

106 1763 199 1812 lum
220 1781 279 1813 ex
300 1773 451 1814 nostra
474 1773 597 1830 parte
620 1766 847 1814 meritum.

180 1841 322 1906 Quod
340 1846 579 1907 proposuit
607 1843 656 1890 in
688 1860 769 1901 eo,
796 1841 954 1906 supple
981 1838 1193 1903 Christe,
1226 1841 1272 1889 id
1295 1851 1390 1902 est,
1430 1846 1553 1909 quod
1576 1847 1669 1897 be·—

106 1910 428 1982 neplacitumJ
455 1919 677 1968 mundum
714 1918 884 1967 scilicet
912 1921 1174 1968 universum
1210 1919 1494 1982 redimendi,
1531 1921 1667 1974 Deus

100 2003 342 2064 proposuit
363 2016 443 2065 per
461 1996 634 2048 Filium
654 2015 784 2047 suurn
807 2001 1012 2062 exsequi.

0 2058 4 2204 ι
170 2074 306 2128 Patet
346 2096 405 2128 ex
449 2073 615 2129 Graeco
634 2115 644 2139 ‚
690 2078 836 2142 quod,
873 2077 1034 2126 referri
1075 2078 1142 2124 od
1174 2079 1508 2142 beneplacitum
1527 2122 1542 2147 ,
1577 2102 1663 2138 seu

103 2145 422 2212 εὗὲοκίεινρὅν,
448 2170 584 2218 quern
605 2155 778 2203 bonurn
798 2152 1025 2203 affectum.
1052 2151 1143 2204 Sed
1170 2159 1300 2206 unius
1322 2162 1658 2228 accentfisssji'a-

101 2233 230 2280 riatio
251 2229 355 2279 facit
373 2230 519 2293 aliurn¹
534 2247 718 2280 sensum
746 2232 792 2278 in
817 2227 985 2279 Graeco
1027 2235 1160 2295 quarn
1183 2236 1229 2281 in
1260 2232 1465 2300 Vulgata.

177 2307 319 2372 Quod
331 2307 587 2371 proposuit,
605 2301 649 2352 ἒν
668 2300 831 2361 αὐτοῦ,
856 2324 959 2357 cum
984 2309 1140 2372 spiritu
1162 2326 1338 2373 aspero,
1355 2322 1402 2362 ut
1423 2315 1565 2369 hodie
1585 2323 1662 2373 le-

103 2393 214 2450 gunt
235 2381 385 2434 Graeci
412 2403 423 2432 z
447 2386 495 2432 in
515 2404 588 2449 se,
609 2387 656 2435 in
677 2388 956 2458 semetipso‘;
974 2388 1311 2458 significatque,
1336 2410 1468 2458 quam
1489 2401 1665 2456 bonam

6 2503 27 2514 ..
103 2462 384 2520 voluntatem
405 2467 517 2515 intra
537 2484 587 2516 se
609 2466 924 2516 recondiderat
943 2463 1089 2520 Deus.

174 2545 229 2590 Ev
247 2537 418 2596 αὖτοῦ,
435 2559 534 2591 cum
561 2544 719 2608 spiritu
741 2542 860 2604 leni,
889 2544 936 2592 in
961 2564 1042 2605 eo,
1068 2546 1235 2598 scilicet
1260 2549 1457 2607 Christo.

173 2620 238 2675 Et
255 2623 355 2674 haec
377 2632 528 2673 nostra
546 2622 680 2674 lectio
703 2623 881 2673 videtur
912 2627 1168 2691 apostolicae
1191 2638 1332 2684 menti
1354 2639 1633 2698 conformior
1653 2671 1659 2679 ·

108 2718 210 2768 quae
227 2701 303 2751 hic
325 2700 437 2751 nihil
451 2704 540 2752 nisi
562 2698 792 2752 Christum
811 2705 976 2769 spirat,
1002 2709 1061 2755 ait
1088 2704 1322 2763 Cornelius
1339 2719 1363 2764 ἐι
1384 2715 1558 2786 Lapide
1647 2687 1666 2709 ’

107 2789 230 2847 patet
249 2798 309 2830 ex
332 2781 696 2845 praec'edentibus
716 2782 938 2834 versibus-

176 2855 264 2909 Est
281 2866 326 2910 et
342 2857 459 2909 aliud
477 2861 526 2910 in
541 2855 708 2911 Graeco
730 2859 971 2914 discrimen
990 2867 1259 2922 notandum.

7 524 42 550 '1ss

25 548 63 603 τὶ

8 623 33 707 '5

1574 2739 1666 2789 ,et
