1800 3158
0 226 65 284 5.

427 129 652 168 ramex
679 129 964 166 Exposrrro.
1003 112 1123 180 Cap.
1146 114 1250 164 ΙΙΙ.
1523 112 1624 181 249

115 201 309 254 Canes
315 219 422 269 ergo
446 210 579 254 vocat
599 202 876 264 judaizantes
896 237 910 262 ‚
952 204 1055 267 quia
1090 201 1403 262 oblatrabant,
1426 199 1621 268 morde-

70 286 181 334 bant
202 293 249 336 et
269 284 520 335 lacerabant
542 282 673 331 verbi
691 279 780 331 Dei
806 281 1138 347 praedicatores.

140 364 299 423 Malos
312 363 544 428 operarios
563 396 580 420 ,
603 363 706 426 quia
721 357 1024 424 Evangeliurn
1050 358 1398 422 corrumpebant
1421 356 1629 420 judaismi

6 479 10 482 .
68 439 374 498 admixtione;
399 456 496 488 non
528 437 840 499 aedificabant,
881 436 964 486 sed
1003 453 1116 502 opus
1140 433 1236 485 Dei
1268 434 1446 484 diruere
1480 450 1629 484 cona·-

68 518 262 574 bantur„

140 598 462 652 concisionem
479 639 494 666 ‚
522 620 603 654 seu
630 605 894 653 scissionem
911 641 924 666 ‚
949 611 1044 652 tum
1066 604 1168 668 quia
1189 602 1468 651 circumcisio
1493 590 1626 659 tunm

78 690 183 747 post
207 677 463 739 Christum,
495 691 587 732 erat
607 699 730 731 mera
755 683 899 732 carnis
917 683 1096 740 scissim
1129 678 1240 728 nihil
1271 677 1463 742 amplius
1489 678 1634 742 signi*-

71 759 208 808 iicans
225 793 239 818 ‚
265 765 340 806 aut
361 755 562 807 efficiens
578 758 803 824 spirituale
823 776 835 805 :
861 757 968 806 hinc
991 765 1034 806 et
1054 759 1153 822 ipso
1176 756 1635 819 circumcisionis-uo-

71 839 198 886 mine
233 835 446 901 indigum
473 845 570 887 turn
595 839 696 902 quia
719 839 803 902 ipsi
839 835 1118 899 judaizantes
1141 852 1294 885 errore
1316 851 1398 884 suo
1416 827 1635 883 Ecclesiae

74 912 327 963 christianae
347 916 562 964 scissores
587 922 633 963 et
659 914 921 963 laceratores
950 921 1091 963 erant.

139 987 194 1043 fi.
211 990 258 1040 3.
277 989 379 1040 Nos
399 1010 557 1040 sumus
573 1010 683 1043 vera
711 992 1019 1055 circumcisio,
1043 990 1091 1040 id
1115 997 1210 1052 cst,
1233 992 1333 1040 veri
1368 990 1638 1040 circumcisi.

147 1065 309 1118 Carnis
359 1071 637 1119 circumcisio
689 1071 969 1134 significabat
1031 1069 1180 1119 cordis
1232 1069 1639 1118 circumcisionem.

7 1189 9 1191 ,
78 1143 322 1195 Christiani
363 1147 512 1211 itaque
554 1147 690 1197 corde
732 1149 1016 1208 circumcisi,
1042 1163 1152 1195 vera
1191 1153 1295 1194 sunt
1322 1143 1633 1194 circumcisio:

77 1222 146 1272 illa
169 1225 337 1287 quippe
357 1225 537 1287 siguum
561 1232 683 1287 erat,
713 1242 799 1274 nos
825 1243 897 1275 res
927 1225 1189 1290 significata.

153 1296 254 1361 Qui
277 1299 446 1360 spiritu*
460 1300 678 1348 servimus
702 1294 875 1351 Dea...

148 1372 362 1442 Explicat
383 1375 624 1426 discrimen
649 1378 771 1442 quod
795 1386 863 1428 est
890 1381 1008 1428 inter
1043 1377 1182 1427 falsos
1206 1384 1251 1426 et
1275 1392 1408 1425 veros
1448 1376 1642 1423 circum-

86 1456 235 1515 cisos,
262 1471 344 1504 seu
379 1455 497 1504 inter
539 1452 728 1504 Judaeos
769 1473 903 1506 carne
941 1459 1120 1506 tantum
1151 1457 1392 1515 concisos,
1436 1459 1484 1501 et
1519 1453 1642 1499 inter

21 1544 23 1546 ·
85 1527 366 1580 Christianos
387 1529 525 1580 corde
553 1532 855 1583 circumcisos.

152 1606 310 1658 Judaei
325 1609 562 1659 carnaliter
576 1645 590 1670 ‚
612 1626 691 1660 seu
712 1613 995 1661 caeremoniis
1015 1609 1266 1660 carnalibus
1289 1603 1406 1659 Deo
1418 1607 1640 1664 serviunt3

30 1745 33 1750 Ι
82 1702 171 1735 nos
192 1689 380 1751 spiritu,
405 1703 485 1736 seu
509 1690 665 1736 animo
688 1705 827 1752 puro:
849 1686 997 1739 Judaei
1021 1688 1269 1753 gloriantur
1289 1689 1333 1736 in
1360 1682 1609 1735 carnalibus
1627 1696 1652 1740 ,’
1682 1692 1698 1705 '

36 1765 39 1767 “
83 1779 130 1810 v.
155 1779 202 1826 g.
220 1798 234 1821 ‚
265 1763 312 1810 in
337 1764 482 1811 carnis
521 1764 863 1814 circumcisione
880 1803 893 1828 ‚
930 1782 1150 1830 suamque
1175 1767 1222 1812 in
1247 1764 1311 1811 eis
1333 1761 1542 1811 fiduciam
1564 1754 1645 1810 τεέ-

84 1845 258 1904 ponunt
282 1858 296 1900 3
327 1857 412 1889 nos
435 1842 482 1889 in
502 1836 688 1891 Christo
707 1843 821 1892 Jesu
842 1882 855 1907 ‚
882 1853 1054 1892 nostrae
1076 1844 1226 1892 salutis
1244 1849 1451 1901 auctore,
1473 1840 1646 1903 gloria·
1684 1892 1689 1901 ,

91 1933 195 1964 mm·
229 1925 523 1983 nostramque
546 1921 593 1968 in
621 1922 716 1982 ejus
738 1923 909 1969 meritis
928 1920 1171 1984 fiduciam
1197 1920 1494 1968 collocamus.

160 1989 289 2041 Hinc
309 1992 432 2043 disce
452 1996 551 2059 quis
575 1997 631 2044 sit
657 1999 766 2044 vere
789 1992 1088 2046 Christianus.

156 2068 342 2130 Primo,
368 2074 446 2137 qui
481 2070 619 2124 corde
657 2074 943 2122 circumcisus
966 2081 1061 2133 est,
1090 2091 1168 2123 seu
1199 2075 1323 2136 cujus
1345 2074 1582 2138 passiones
1603 2079 1648 2122 et

93 2148 263 2196 vitiosae
285 2148 552 2212 cupiditates
571 2150 929 2201 mortificalionis
951 2153 1088 2202 cultro
1109 2155 1383 2202 circumcIsae
1406 2159 1528 2201 sunt.

156 2222 400 2286 Secundo,
421 2227 496 2290 qui
518 2228 676 2291 spiritu
702 2225 808 2278 Deo
831 2233 970 2280 servit
990 2268 1001 2290 ,
1028 2247 1105 2280 seu
1132 2233 1207 2297 qui
1228 2268 1242 2292 ‚
1269 2238 1316 2280 ul
1342 2232 1402 2280 ait
1427 2226 1650 2288 Christus,

91 2297 248 2349 Deum
277 2301 384 2350 colit
399 2309 446 2350 et
462 2301 615 2351 adoral
642 2306 690 2351 in
711 2306 875 2366 spirim
898 2315 943 2354 et
963 2309 1177 2366 veritate,
1209 2306 1257 2356 id
1281 2313 1349 2355 est
1369 2343 1380 2365 ‚
1407 2302 1654 2370 spiritualij‘

93 2376 176 2426 sed
196 2393 305 2426 vero
325 2385 370 2426 et
390 2379 566 2448 sincero
599 2380 715 2430 cultu
736 2391 780 2432 et
803 2384 1021 2434 sacrificio
1039 2384 1171 2445 fidei,
1198 2387 1295 2448 spei
1318 2420 1330 2443 ‚
1360 2381 1584 2431 charitatis
1606 2389 1653 2430 et

26 2515 28 2518 y
95 2455 406 2506 obedientiae:
429 2473 508 2505 seu
525 2493 537 2512 ,
565 2460 641 2521 qui
666 2461 713 2507 in
751 2457 902 2511 Deum
925 2466 1098 2513 sincere
1120 2463 1261 2513 credit
1278 2499 1290 2521 ‚
1315 2461 1447 2511 firme
1468 2467 1616 2525 sperat
1635 2495 1647 2517 ,

93 2527 250 2580 Deum
296 2534 627 2595 etproximum
673 2537 782 2583 vere
823 2537 989 2602 diligit,
1034 2545 1260 2604 praecepta
1293 2535 1386 2586 Dei
1414 2538 1461 2585 in
1496 2537 1652 2600 spiritu

96 2606 320 2658 charitalis
352 2616 531 2668 servat,
561 2611 805 2675 omniaque
844 2613 902 2662 ad
922 2612 1022 2664 Dei
1059 2615 1247 2679 gloriam
1275 2611 1379 2661 facit
1407 2618 1451 2661 et
1478 2609 1614 2674 refert
1639 2628 1661 2658 t·

97 2702 188 2735 uno
210 2689 384 2749 verbo,
410 2690 458 2737 in
481 2691 607 2751 cujus
634 2689 773 2738 corde
797 2690 891 2739 sola
914 2700 1071 2757 regnat
1092 2691 1298 2742 charitas.

161 2761 352 2824 Tertio,
393 2767 544 2831 quiin
579 2762 762 2815 Christo
801 2765 911 2818 Jesu
933 2807 947 2832 ‚
984 2770 1135 2819 salutis
1157 2777 1369 2827 auctore,
1404 2765 1616 2830 gloriatur
1636 2799 1651 2824 ‚

94 2845 323 2905 totamque
358 2856 484 2889 suam
520 2857 649 2904 spem
684 2850 733 2891 et
752 2842 963 2895 fiduciam
987 2849 1033 2896 in
1059 2843 1227 2896 Christi
1253 2846 1427 2895 meritis
1447 2834 1651 2908 repfln

95 2930 190 2965 non
215 2916 263 2964 in
282 2916 374 2965 suis
400 2917 629 2981 operibus.
1660 2924 1665 2933 ²
