1800 3158
484 43 702 86 Tmnfflx
727 14 1292 94 Expos1110.cap.11.
1561 47 1663 99 ³²9

164 74 336 182 Hujus
343 114 505 178 sensus
530 115 727 171 ,effectus
754 118 839 166 erit
860 118 910 166 in
945 116 1086 167 corde
1106 135 1210 168 meo
1249 116 1475 183 profunda
1496 117 1659 172 humi-

103 196 227 256 litas,
254 193 455 260 perfecta
471 179 520 244 et
544 193 816 244 universalis
832 192 1113 244 obedientia.
1572 238 1580 242 2

3 268 16 280 ⁴
171 272 276 327 Deo
301 281 345 331 et
376 278 563 345 propter
585 268 774 331 Deum,
803 269 1069 321 hominibus
1095 270 1309 323 obediam
1335 270 1545 334 humilis,
1576 278 1659 341 ip,-

100 355 279 415 sisque,
305 352 352 399 in
371 343 522 398 salutis
544 349 792 413 praesertim
811 351 1023 412 negotio,
1055 347 1238 398 humilis
1255 356 1300 398 et
1323 365 1427 398 cum
1444 349 1658 405 charitate

102 427 385 476 ministrabo.

122 487 129 494 ι
173 500 238 562 Y.
262 522 313 572 9.
337 502 534 567 Propter
557 501 679 565 quod
695 508 739 547 et
764 500 891 548 Deus
916 500 1141 548 emanavit
1167 501 1315 550 illum.

168 577 284 629 Post
310 577 570 628 humilitatis
594 584 640 626 et
675 575 952 632 obedientiae
978 574 1265 638 exemplum,
1301 576 1501 626 ostendit
1521 581 1656 633 exal-

103 659 283 710 tationis
303 655 552 720 fastigium,
578 661 626 702 ut
655 669 928 704 nos,‚omnes
945 689 958 714 ,
985 668 1068 716 spe
1091 651 1248 700 similis
1272 652 1655 708 exaltationissu-

105 748 244 796 turae,
279 738 452 790 excitet
482 735 541 785 ad
580 734 846 785 imitandam
891 727 1067 782 Christi
1111 729 1300 782 Domini
1322 733 1585 788 charitatem
1607 752 1652 792 et

101 815 418 873 humilitatem.
1703 810 1715 818 χ

171 892 366 954 Propter
387 887 533 954 quod,
561 863 671 948 seu,
697 887 799 950 quia
823 886 1085 933 hztmilt’aozt
1114 903 1190 945 se,
1215 893 1260 932 et
1270 883 1440 948 factus
1458 897 1526 936 est
1540 891 1654 939 obe-

102 971 282 1025 diens...
306 967 411 1016 ideo
437 965 674 1013 exaltavit.
698 960 782 1014 Gr.
808 963 1188 1027 superexaltavit,
1209 980 1319 1025 seu,
1340 981 1476 1030 super
1502 973 1655 1022 omnia

100 1046 311 1096 exaltavit
333 1063 344 1092 ι
365 1043 487 1092 illum
508 1042 723 1091 sciliceta
758 1042 946 1089 mortuis
980 1038 1239 1088 suscitando
1272 1048 1316 1089 et
1337 1057 1472 1105 super
1495 1061 1655 1096 omnes

100 1128 347 1176 creaturas,
370 1117 429 1166 ad
458 1116 697 1165 dexteram
722 1133 846 1164 suam
869 1114 1150 1166 collocando.

166 1194 292 1246 Nota
315 1188 555 1244 Christum
578 1196 604 1242 ὲ
624 1191 732 1242 Deo
755 1192 998 1242 exaltatum
1021 1194 1161 1241 tribus
1176 1192 1324 1243 modis
1345 1195 1484 1260 ipsius
1499 1190 1658 1249 humi-

100 1271 271 1320 liationi
291 1269 768 1334 correspondentibus.

167 1345 351 1406 Primo,
384 1346 509 1395 dedit
531 1346 593 1402 illi
628 1364 802 1397 nomen
824 1363 959 1411 super
985 1363 1124 1396 omne
1148 1364 1351 1397 nomen:
1374 1345 1465 1399 Dei
1494 1351 1662 1407 scilicet

101 1441 300 1480 nomen3
342 1431 391 1472 ut
430 1420 554 1471 Deus
580 1425 756 1486 agnitus
791 1431 860 1471 est
889 1424 963 1486 qui
1011 1431 1237 1484 creatura,
1284 1422 1426 1473 homo
1443 1462 1457 1487 ,
1501 1443 1659 1479 servus

98 1504 239 1556 sactus
265 1511 358 1559 est;
385 1521 467 1553 seu
493 1507 568 1570 qui
597 1506 716 1552 servi
739 1502 931 1552 formam
960 1503 1123 1552 induit.

165 1579 403 1638 Secundo,
421 1597 583 1630 omnes
598 1580 802 1630 subdidit
814 1588 1032 1629 creaturas
1048 1582 1088 1629 ei
1105 1582 1180 1644 qui
1202 1578 1343 1630 factus
1355 1590 1421 1632 est
1437 1585 1657 1662 obediens

98 1660 205 1712 Deo
229 1672 274 1712 et
301 1662 589 1711 hominibus.

165 1735 355 1797 Tertio,
394 1736 494 1787 vult
529 1745 578 1786 ut
607 1753 769 1787 omnes
804 1737 990 1787 credant
1026 1722 1071 1787 et
1109 1729 1408 1789 confiteantur
1450 1741 1573 1803 quod
1606 1744 1656 1791 in

93 1815 233 1882 gloria
260 1811 516 1864 DeiPatris
532 1816 589 1863 sit
608 1814 676 1863 ille
694 1817 770 1878 qui
789 1823 836 1864 ut
858 1814 1000 1863 homo
1019 1814 1212 1877 vulgaris
1230 1819 1461 1879 apparuit,
1486 1821 1654 1884 quique

62 1885 73 1894 ”
96 1913 178 1959 pro
199 1896 333 1942 nobis
362 1895 505 1943 crucis
529 1894 823 1956 ignominiam
844 1909 947 1942 cum
972 1892 1224 1942 latronibus
1247 1895 1400 1945 subiit.

179 1970 210 2017 I
213 1979 347 2035 taque
367 1971 446 2033 qui
467 1987 515 2018 se
535 1969 862 2028 humiliaverit,
892 1971 1179 2018 exaltabitur
1191 1985 1212 2027 ;
1237 1980 1281 2020 et
1299 1977 1388 2035 quo
1414 1990 1516 2025 sese
1538 1993 1653 2040 pro-

90 2047 271 2096 fundius
298 2046 630 2108 humiliaverit,
668 2050 725 2095 eo
749 2047 970 2095 excelsius
1010 2054 1054 2096 et
1076 2048 1314 2111 g'oriosius
1338 2052 1612 2104 exaltabitur
1633 2077 1647 2105 ε

94 2131 261 2171 aeterna
285 2130 436 2171 nostra
470 2121 607 2187 gloria
625 2121 894 2187 ,temporali
919 2130 1087 2171 nostrae
1110 2121 1413 2174 humiliationi
1443 2143 1647 2194 respon-

103 2202 252 2251 debit.

160 2281 226 2329 Et
245 2279 432 2327 donavit
451 2279 525 2326 illi
542 2295 708 2326 nomen
729 2278 850 2343 quod
871 2286 940 2326 est
959 2297 1095 2344 super
1113 2298 1249 2329 omne
1272 2301 1436 2332 nomen
1448 2320 1464 2343 ‚
1488 2286 1534 2336 id
1550 2295 1647 2349 est,

94 2371 182 2419 quo
205 2354 314 2403 nihil
341 2354 562 2403 excelsius
587 2356 811 2404 nominari
835 2363 1004 2418 potest.

162 2430 463 2490 Hocvnomen
480 2468 494 2493 ,
526 2431 651 2496 quod
672 2448 812 2482 omne
827 2432 946 2482 aliud
968 2434 1143 2485 infinite
1163 2446 1370 2501 superat,
1391 2446 1460 2486 est
1479 2455 1649 2491 nomen
1694 2489 1705 2499 ,

94 2509 210 2573 Dei,
236 2531 319 2564 seu
337 2510 442 2563 Filii
462 2509 576 2571 Det;
600 2510 974 2568 famadivinitatis
994 2534 1128 2582 quam
1152 2527 1254 2582 post
1274 2523 1650 2574 resurrectionem

94 2606 221 2641 suam
257 2600 302 2641 et
327 2593 372 2643 in
400 2590 564 2641 coelum
590 2593 906 2641 ascensionem
935 2597 1184 2657 praesertim
1226 2596 1411 2646 habuit.
1401 2617 1411 2627 ·
1458 2615 1517 2648 ex
1540 2608 1646 2652 tuuc

95 2666 318 2728 praecipue
344 2667 539 2713 innotuit
562 2661 729 2714 Christi
754 2665 984 2715 divinitas.

168 2735 296 2789 Hinc
332 2739 492 2792 dicitur
519 2739 642 2805 quod
669 2737 796 2793 Deus
837 2743 896 2792 illi
934 2761 1104 2795 nomen
1137 2746 1287 2806 dedit,
1317 2748 1499 2812 quando
1535 2767 1634 2803 rem

104 2814 292 2864 nomine
310 2814 605 2879 significatam
628 2819 839 2868 omnibus
865 2817 971 2870 fecit
996 2823 1297 2873 innotescere.
