1800 3158
133 63 238 128 424
338 73 530 112 Plu-MA:
556 54 825 112 Epis‘rom
859 72 930 110 an
965 23 1476 114 Tur-:ssatomcndsas

204 150 322 205 Sunt
342 155 454 201 vere
474 166 610 200 canes
626 150 675 199 in
690 150 888 216 praesepi
910 147 982 200 vel
1000 151 1050 200 in
1064 148 1201 200 horto
1215 185 1229 211 ‚
1252 149 1330 216 qni
1353 147 1708 217 paleaeffvel‘le·

135 232 321 298 gumina
342 244 434 279 nec
455 226 733 290 comedunt,
757 243 847 278 nec
871 227 1054 278 comedi
1077 230 1250 280 sinunt.

202 307 387 360 Invidia
432 308 558 373 quasi
595 305 820 357 immensa
836 343 852 370 ‚
898 307 1022 356 orbis
1066 315 1286 358 terrarum
1322 307 1513 360 salutem
1553 310 1709 377 impe-

137 390 284 440 diunt.
390 450 394 454 4

205 461 265 525 ᾖ.
292 461 369 515 16.
406 462 469 513 Ut
490 463 717 528 impleant
737 472 935 526 peccata
958 480 1096 513 sua...
1128 461 1193 511 Ut
1207 496 1226 522 ,
1257 462 1469 528 particula
1491 463 1571 516 hie
1594 472 1710 516 con-

87 549 98 558 ‘
138 546 362 605 secutiva,
383 559 479 591 non
498 540 682 591 causalis
703 558 716 600 ;
743 541 869 606 quasi
894 540 1064 591 diceret
1088 559 1098 589 :
1123 537 1199 591 Sic
1213 538 1503 607 peccatorum
1523 559 1709 597 suorum

139 637 402 675 mensuram
428 618 635 685 implent.

205 697 319 750 Hoc
342 699 538 749 restabat
567 703 614 745 ut
634 702 920 760 peccatorum
947 712 1132 745 suorum
1153 694 1397 762 implerent
1418 711 1702 761 mensuram,

136 788 183 832 et
207 778 266 830 ad
287 792 514 828 summam
540 776 834 841 pervenirent
861 773 1090 823 malitiam.

203 852 330 920 Ergo
363 853 571 918 quaedam
610 859 679 902 est
714 859 1002 916 peccatorum
1034 867 1274 913 mensura,
1308 854 1334 900 a
1362 847 1470 901 Deo
1505 858 1701 913 statuta,

133 936 288 1000 regnis
307 972 321 996 ‚
348 933 559 992 urbibus,
590 932 931 996 peccatoribus;
959 927 1046 996 qua
1071 926 1256 994 impleta
1272 966 1286 990 ,
1321 931 1475 980 omnia
1499 929 1632 979 simul
1658 939 1706 981 et

133 1011 337 1080 perfecte
360 1018 544 1076 peccata
567 1012 750 1074 castigat
770 1006 916 1059 Deus·
941 1005 1063 1059 Vide
1091 1007 1173 1057 alia
1198 1007 1293 1058 loca
1318 1005 1565 1076 Scripturae
1585 1009 1706 1074 apud

134 1090 402 1144 Cornelium
428 1094 454 1140 a
474 1088 669 1157 Lapide.

200 1172 419 1222 Pervenit
442 1173 566 1219 enim
590 1171 661 1218 ira
693 1170 830 1218 Dei...
857 1164 1055 1229 Jamjam
1090 1169 1301 1217 imminet
1334 1169 1445 1232 ipsis
1477 1167 1704 1232 implaca-

130 1251 236 1302 bilis
260 1254 324 1302 ira
359 1248 449 1300 Dei
484 1268 494 1297 :
525 1251 673 1314 gentis
706 1250 907 1312 ipsorum
938 1245 1169 1296 excidium
1198 1262 1279 1311 per
1307 1243 1638 1311 Vespasianum
1661 1255 1708 1297 et
1762 1283 1765 1285 -

130 1327 293 1381 Titum
311 1366 324 1390 ‚
354 1328 579 1392 vigesimo
606 1332 707 1391 post
735 1323 855 1373 hanc
880 1320 1135 1389 Epistolam
1158 1339 1309 1382 anno,
1337 1319 1551 1372 futurum.

200 1404 287 1458 Gr.
312 1405 567 1471 praevenit:
597 1403 862 1465 inopinatos
893 1409 938 1450 et
970 1398 1081 1449 nihil
1108 1399 1193 1449 tale
1222 1401 1471 1463 cogitantes
1489 1433 1502 1455 ‚
1539 1398 1622 1448 sed
1639 1399 1705 1448 ad

127 1484 310 1538 Pascha
337 1481 661 1535 celebrandum
681 1477 1018 1545 Jerosolyrnam
1044 1481 1375 1528 convenientes
1391 1514 1404 1537 ‚
1436 1480 1660 1543 praevenit
1690 1497 1703 1526 ε

127 1566 467 1634 praeoccupavit
504 1579 584 1611 eos
619 1563 681 1610 ira
714 1557 806 1610 Dei
834 1558 1125 1625 implacabilis
1154 1577 1165 1607 :
1201 1550 1481 1624 praeteritum
1510 1573 1592 1622 pro
1620 1554 1702 1606 fu-

131 1652 251 1694 turo,

197 1719 309 1771 Hoc
333 1716 562 1769 excidium
580 1753 592 1776 ‚
620 1714 773 1778 judicii
795 1712 938 1762 ultimi
965 1715 1131 1777 imago·

197 1797 316 1849 Haec
334 1796 611 1863 praeventi0‚
626 1792 946 1863 plerorumque
961 1789 1201 1840 hominum
1215 1806 1294 1857 per
1304 1797 1500 1840 mortem
1515 1805 1698 1854 praeoc-

128 1878 380 1944 cupationis
405 1871 696 1939 significatio.

196 1950 301 2013 Ne,
339 1953 456 2000 sicut
487 1957 555 1998 tot
589 1946 686 2006 alii,
722 1960 1128 2010 praeoccupemur,
1171 1942 1444 2009 vigilemus,
1482 1959 1697 2008 ommim,

91 2055 93 2057 ·
127 2030 449 2100 poenitentiam
469 2042 594 2075 nunc
613 2039 814 2087 agamus.

194 2109 250 2166 †.
285 2127 361 2171 17.
386 2104 488 2155 Nos
509 2112 667 2151 autem
684 2139 697 2163 ,
720 2097 921 2163 fratres,
955 2098 1155 2147 desolati
1175 2098 1207 2145 ὰ
1232 2098 1416 2147 vobis...

193 2187 339 2240 Redit
358 2185 417 2235 ad
435 2180 903 2239 Thessalonicenses,
927 2195 1150 2243 suumque
1167 2192 1271 2240 erga
1292 2192 1372 2225 eos
1391 2180 1628 2239 paternum
1648 2181 1698 2225 et
1776 2172 1782 2178 ’

129 2274 390 2320 maternum
415 2260 612 2310 declarat
639 2255 866 2307 affectum.
1324 2301 1326 2303 ,

192 2341 299 2396 Nos
321 2340 467 2392 orbari
494 2339 628 2387 vobis
646 2374 660 2399 ,
690 2334 962 2384 charissimis
987 2330 1089 2379 filiis
1111 2331 1296 2379 nostris.

1789 1778 1800 1810 ’.ι’

193 2420 356 2486 Pergit
374 2420 422 2468 in
448 2412 717 2482 metaphora
742 2413 876 2477 patris
903 2419 949 2460 et
969 2409 1122 2459 matris
1138 2444 1151 2470 ,
1177 2406 1235 2457 ad
1253 2424 1368 2474 quos
1393 2409 1590 2474 pertinet
1610 2422 1696 2457 or·
1725 2397 1733 2404 ⁶
1781 2452 1797 2461 κ

124 2504 244 2554 bitas
269 2498 480 2548 filiorum.

195 2579 279 2631 Ad
298 2586 473 2639 tempus
497 2573 626 2620 Itoroe
639 2606 656 2631 ,
686 2570 735 2620 id
762 2577 861 2632 est,
889 2568 1213 2619 brevissimum
1237 2572 1434 2632 tempus-

195 2656 401 2719 Aspectu
416 2685 432 2709 ,
464 2666 556 2697 non
581 2648 744 2707 corde,
771 2647 819 2695 in
844 2661 934 2711 quo
962 2661 1048 2695 vos
1071 2644 1269 2709 gerimus
1290 2657 1493 2708 semper.

194 2726 528 2781 Abundantius
545 2720 882 2787 festinavimus
897 2755 915 2780 ‚
947 2718 1152 2769 sedulam
1180 2733 1367 2784 operam
1392 2712 1658 2777 navaviutus
1673 2745 1692 2775 ‚

123 2819 174 2865 ut
198 2805 534 2875 quamprimum
563 2818 647 2853 vos
673 2799 953 2852 videremuS.
1342 2853 1348 2859 „
1659 2842 1664 2846 ,

194 2877 255 2943 fi.
289 2880 368 2936 18.
395 2879 495 2947 Ego
523 2879 707 2947 quidem
739 2876 920 2928 Paulus
956 2890 968 2921 τ
1009 2875 1246 2941 speciatim
1275 2886 1362 2937 ego
1390 2865 1589 2931 Paulu83
1610 2864 1702 2918 'sed
