<?xml version="1.0" encoding="UTF-8"?>
<!DOCTYPE html PUBLIC "-//W3C//DTD XHTML 1.0 Transitional//EN"
    "http://www.w3.org/TR/xhtml1/DTD/xhtml1-transitional.dtd">
<html xmlns="http://www.w3.org/1999/xhtml" xml:lang="en" lang="en">
 <head>
  <title>
</title>
<meta http-equiv="Content-Type" content="text/html;charset=utf-8" />
  <meta name='ocr-system' content='tesseract 3.04.00' />
  <meta name='ocr-capabilities' content='ocr_page ocr_carea ocr_par ocr_line ocrx_word'/>
</head>
<body>
  <div class='ocr_page' id='page_1' title='image "./epistolaumbpauli04picq_0237.png"; bbox 0 0 1800 3158; ppageno 0'>
   <div class='ocr_carea' id='block_1_1' title="bbox 0 0 33 178">
    <p class='ocr_par' dir='ltr' id='par_1_1' title="bbox 0 0 33 178">
     <span class='ocr_line' id='line_1_1' title="bbox 0 0 33 178; baseline 0 -144"><span class='ocrx_word' id='word_1_1' title='bbox 0 0 33 178; x_wconf 58' lang='grc' dir='ltr'>ξ</span> 
     </span>
    </p>
   </div>
   <div class='ocr_carea' id='block_1_2' title="bbox 113 40 1687 202">
    <p class='ocr_par' dir='ltr' id='par_1_2' title="bbox 113 40 1687 202">
     <span class='ocr_line' id='line_1_2' title="bbox 463 40 1687 112; baseline -0.005 -14"><span class='ocrx_word' id='word_1_2' title='bbox 463 57 682 99; x_wconf 68' lang='lat' dir='ltr'><strong>rumex</strong></span> <span class='ocrx_word' id='word_1_3' title='bbox 710 57 998 112; x_wconf 61' lang='lat' dir='ltr'><strong>Exuosmo.</strong></span> <span class='ocrx_word' id='word_1_4' title='bbox 1037 40 1158 109; x_wconf 83' lang='lat' dir='ltr'><strong>Cap.</strong></span> <span class='ocrx_word' id='word_1_5' title='bbox 1191 42 1269 96; x_wconf 84' lang='lat'><strong>11.</strong></span> <span class='ocrx_word' id='word_1_6' title='bbox 1365 90 1372 100; x_wconf 81' lang='grc'><em>,</em></span> <span class='ocrx_word' id='word_1_7' title='bbox 1585 41 1687 92; x_wconf 82' lang='lat'><strong>223</strong></span> 
     </span>
     <span class='ocr_line' id='line_1_3' title="bbox 113 125 1678 202; baseline -0.006 -16"><span class='ocrx_word' id='word_1_8' title='bbox 113 135 446 202; x_wconf 80' lang='lat' dir='ltr'><strong>cooperatione</strong></span> <span class='ocrx_word' id='word_1_9' title='bbox 478 129 762 193; x_wconf 68' lang='lat' dir='ltr'><strong>mmulaistis3</strong></span> <span class='ocrx_word' id='word_1_10' title='bbox 801 130 922 194; x_wconf 90' lang='lat' dir='ltr'><strong>hoc,</strong></span> <span class='ocrx_word' id='word_1_11' title='bbox 960 132 1172 195; x_wconf 84' lang='lat' dir='ltr'><strong>inquam,</strong></span> <span class='ocrx_word' id='word_1_12' title='bbox 1214 129 1442 195; x_wconf 73' lang='lat' dir='ltr'><strong>gaudium,</strong></span> <span class='ocrx_word' id='word_1_13' title='bbox 1462 125 1678 193; x_wconf 87' lang='lat' dir='ltr'><strong>implete,</strong></span> 
     </span>
    </p>
   </div>
   <div class='ocr_carea' id='block_1_3' title="bbox 0 199 1684 291">
    <p class='ocr_par' dir='ltr' id='par_1_3' title="bbox 0 199 1684 291">
     <span class='ocr_line' id='line_1_4' title="bbox 0 199 1684 291; baseline -0.006 -27"><span class='ocrx_word' id='word_1_14' title='bbox 0 199 42 291; x_wconf 54' lang='lat' dir='ltr'><strong>‘s</strong></span> <span class='ocrx_word' id='word_1_15' title='bbox 114 214 321 280; x_wconf 83' lang='lat' dir='ltr'><strong>perficite</strong></span> <span class='ocrx_word' id='word_1_16' title='bbox 346 208 547 262; x_wconf 61' lang='lat' dir='ltr'><strong>absoluta</strong></span> <span class='ocrx_word' id='word_1_17' title='bbox 568 207 711 259; x_wconf 78' lang='lat' dir='ltr'><strong>vestri</strong></span> <span class='ocrx_word' id='word_1_18' title='bbox 733 225 814 274; x_wconf 87' lang='lat' dir='ltr'><strong>per</strong></span> <span class='ocrx_word' id='word_1_19' title='bbox 841 207 1103 257; x_wconf 82' lang='lat' dir='ltr'><strong>charitatem</strong></span> <span class='ocrx_word' id='word_1_20' title='bbox 1127 205 1430 270; x_wconf 82' lang='lat' dir='ltr'><strong>perfectione3</strong></span> <span class='ocrx_word' id='word_1_21' title='bbox 1462 207 1588 269; x_wconf 88' lang='lat' dir='ltr'><strong>quasi</strong></span> <span class='ocrx_word' id='word_1_22' title='bbox 1605 204 1684 254; x_wconf 92' lang='lat' dir='ltr'><strong>di-</strong></span> 
     </span>
    </p>
   </div>
   <div class='ocr_carea' id='block_1_4' title="bbox 113 299 1683 756">
    <p class='ocr_par' dir='ltr' id='par_1_4' title="bbox 121 299 274 343">
     <span class='ocr_line' id='line_1_5' title="bbox 121 299 274 343; baseline -0.013 -1"><span class='ocrx_word' id='word_1_23' title='bbox 121 299 274 343; x_wconf 86' lang='lat' dir='ltr'><strong>ceret:</strong></span> 
     </span>
    </p>

    <p class='ocr_par' dir='ltr' id='par_1_5' title="bbox 113 370 1683 517">
     <span class='ocr_line' id='line_1_6' title="bbox 181 370 1683 440; baseline -0.004 -14"><span class='ocrx_word' id='word_1_24' title='bbox 181 374 251 427; x_wconf 85' lang='lat' dir='ltr'><strong>Ita</strong></span> <span class='ocrx_word' id='word_1_25' title='bbox 269 383 428 440; x_wconf 82' lang='lat' dir='ltr'><strong>regnet</strong></span> <span class='ocrx_word' id='word_1_26' title='bbox 450 378 498 425; x_wconf 91' lang='lat' dir='ltr'><strong>in</strong></span> <span class='ocrx_word' id='word_1_27' title='bbox 522 377 657 425; x_wconf 90' lang='lat' dir='ltr'><strong>vobis</strong></span> <span class='ocrx_word' id='word_1_28' title='bbox 699 374 918 439; x_wconf 87' lang='lat' dir='ltr'><strong>charitas,</strong></span> <span class='ocrx_word' id='word_1_29' title='bbox 943 382 992 424; x_wconf 90' lang='lat' dir='ltr'><strong>ut</strong></span> <span class='ocrx_word' id='word_1_30' title='bbox 1017 376 1220 423; x_wconf 89' lang='lat' dir='ltr'><strong>omnium</strong></span> <span class='ocrx_word' id='word_1_31' title='bbox 1263 370 1464 422; x_wconf 70' lang='lat' dir='ltr'><strong>vestrum</strong></span> <span class='ocrx_word' id='word_1_32' title='bbox 1499 388 1588 421; x_wconf 89' lang='lat' dir='ltr'><strong>una</strong></span> <span class='ocrx_word' id='word_1_33' title='bbox 1623 373 1683 421; x_wconf 86' lang='lat' dir='ltr'><strong>sit</strong></span> 
     </span>
     <span class='ocr_line' id='line_1_7' title="bbox 113 453 1334 517; baseline -0.001 -14"><span class='ocrx_word' id='word_1_34' title='bbox 113 470 246 504; x_wconf 88' lang='lat' dir='ltr'><strong>mens</strong></span> <span class='ocrx_word' id='word_1_35' title='bbox 264 489 280 516; x_wconf 82' lang='lat'>‚</span> <span class='ocrx_word' id='word_1_36' title='bbox 309 469 397 503; x_wconf 89' lang='lat' dir='ltr'><strong>una</strong></span> <span class='ocrx_word' id='word_1_37' title='bbox 423 453 630 502; x_wconf 85' lang='lat' dir='ltr'><strong>voluntas</strong></span> <span class='ocrx_word' id='word_1_38' title='bbox 643 491 656 516; x_wconf 88' lang='lat'>‚</span> <span class='ocrx_word' id='word_1_39' title='bbox 680 470 767 502; x_wconf 92' lang='lat' dir='ltr'><strong>una</strong></span> <span class='ocrx_word' id='word_1_40' title='bbox 784 455 932 503; x_wconf 88' lang='lat' dir='ltr'><strong>anima</strong></span> <span class='ocrx_word' id='word_1_41' title='bbox 948 491 965 517; x_wconf 44' lang='grc' dir='ltr'>ἱ</span> <span class='ocrx_word' id='word_1_42' title='bbox 982 470 1072 502; x_wconf 88' lang='lat' dir='ltr'><strong>una</strong></span> <span class='ocrx_word' id='word_1_43' title='bbox 1094 453 1334 502; x_wconf 87' lang='lat' dir='ltr'><strong>sententia.</strong></span> 
     </span>
    </p>

    <p class='ocr_par' dir='ltr' id='par_1_6' title="bbox 113 530 1678 756">
     <span class='ocr_line' id='line_1_8' title="bbox 184 530 1678 599; baseline -0.002 -14"><span class='ocrx_word' id='word_1_44' title='bbox 184 531 399 585; x_wconf 87' lang='lat' dir='ltr'><strong>Adverte</strong></span> <span class='ocrx_word' id='word_1_45' title='bbox 418 532 496 583; x_wconf 76' lang='lat' dir='ltr'><strong>hic</strong></span> <span class='ocrx_word' id='word_1_46' title='bbox 519 543 566 584; x_wconf 90' lang='lat' dir='ltr'><strong>et</strong></span> <span class='ocrx_word' id='word_1_47' title='bbox 587 541 693 583; x_wconf 90' lang='lat' dir='ltr'><strong>nota</strong></span> <span class='ocrx_word' id='word_1_48' title='bbox 721 534 777 583; x_wconf 89' lang='lat' dir='ltr'><strong>ad</strong></span> <span class='ocrx_word' id='word_1_49' title='bbox 817 534 924 599; x_wconf 92' lang='lat' dir='ltr'><strong>quid</strong></span> <span class='ocrx_word' id='word_1_50' title='bbox 966 533 1120 584; x_wconf 88' lang='lat' dir='ltr'><strong>tendat</strong></span> <span class='ocrx_word' id='word_1_51' title='bbox 1159 549 1316 582; x_wconf 88' lang='lat' dir='ltr'><strong>versus</strong></span> <span class='ocrx_word' id='word_1_52' title='bbox 1353 533 1484 596; x_wconf 91' lang='lat' dir='ltr'><strong>primi</strong></span> <span class='ocrx_word' id='word_1_53' title='bbox 1518 530 1678 582; x_wconf 84' lang='lat' dir='ltr'><strong>vehe-</strong></span> 
     </span>
     <span class='ocr_line' id='line_1_9' title="bbox 113 609 1676 678; baseline -0.001 -15"><span class='ocrx_word' id='word_1_54' title='bbox 113 629 273 678; x_wconf 74' lang='lat' dir='ltr'><strong>mem,</strong></span> <span class='ocrx_word' id='word_1_55' title='bbox 302 611 466 661; x_wconf 83' lang='lat' dir='ltr'><strong>ardens</strong></span> <span class='ocrx_word' id='word_1_56' title='bbox 483 649 498 675; x_wconf 83' lang='lat'>,</span> <span class='ocrx_word' id='word_1_57' title='bbox 523 620 570 661; x_wconf 78' lang='lat' dir='ltr'><strong>et</strong></span> <span class='ocrx_word' id='word_1_58' title='bbox 595 617 752 662; x_wconf 89' lang='lat' dir='ltr'><strong>tenera</strong></span> <span class='ocrx_word' id='word_1_59' title='bbox 791 609 921 663; x_wconf 88' lang='lat' dir='ltr'><strong>Pauli</strong></span> <span class='ocrx_word' id='word_1_60' title='bbox 947 615 1190 671; x_wconf 85' lang='lat' dir='ltr'><strong>instantia;</strong></span> <span class='ocrx_word' id='word_1_61' title='bbox 1216 628 1294 662; x_wconf 85' lang='lat' dir='ltr'><strong>seu</strong></span> <span class='ocrx_word' id='word_1_62' title='bbox 1311 649 1325 674; x_wconf 85' lang='lat'><strong>‚</strong></span> <span class='ocrx_word' id='word_1_63' title='bbox 1360 610 1468 677; x_wconf 92' lang='lat' dir='ltr'><strong>quid</strong></span> <span class='ocrx_word' id='word_1_64' title='bbox 1505 619 1628 675; x_wconf 89' lang='lat' dir='ltr'><strong>petat</strong></span> <span class='ocrx_word' id='word_1_65' title='bbox 1650 615 1676 661; x_wconf 78' lang='lat' dir='ltr'><strong>a</strong></span> 
     </span>
     <span class='ocr_line' id='line_1_10' title="bbox 113 687 504 756; baseline -0.005 -16"><span class='ocrx_word' id='word_1_66' title='bbox 113 687 504 756; x_wconf 80' lang='lat' dir='ltr'><strong>Philippensibus.</strong></span> 
     </span>
    </p>
   </div>
   <div class='ocr_carea' id='block_1_5' title="bbox 109 774 1682 1132">
    <p class='ocr_par' dir='ltr' id='par_1_7' title="bbox 111 774 1682 978">
     <span class='ocr_line' id='line_1_11' title="bbox 179 774 1678 842; baseline -0.001 -15"><span class='ocrx_word' id='word_1_67' title='bbox 179 774 292 827; x_wconf 81' lang='lat' dir='ltr'><strong>Nou</strong></span> <span class='ocrx_word' id='word_1_68' title='bbox 319 785 446 842; x_wconf 83' lang='lat' dir='ltr'><strong>rogat</strong></span> <span class='ocrx_word' id='word_1_69' title='bbox 468 784 516 826; x_wconf 86' lang='lat' dir='ltr'><strong>ut</strong></span> <span class='ocrx_word' id='word_1_70' title='bbox 535 794 559 825; x_wconf 92' lang='lat' dir='ltr'><strong>a</strong></span> <span class='ocrx_word' id='word_1_71' title='bbox 585 777 817 842; x_wconf 87' lang='lat' dir='ltr'><strong>periculis,</strong></span> <span class='ocrx_word' id='word_1_72' title='bbox 843 794 867 826; x_wconf 91' lang='lat' dir='ltr'><strong>a</strong></span> <span class='ocrx_word' id='word_1_73' title='bbox 890 778 1080 827; x_wconf 88' lang='lat' dir='ltr'><strong>vinculis</strong></span> <span class='ocrx_word' id='word_1_74' title='bbox 1117 777 1243 826; x_wconf 89' lang='lat' dir='ltr'><strong>illum</strong></span> <span class='ocrx_word' id='word_1_75' title='bbox 1283 778 1485 826; x_wconf 81' lang='lat' dir='ltr'>eximant</span> <span class='ocrx_word' id='word_1_76' title='bbox 1509 782 1557 824; x_wconf 91' lang='lat' dir='ltr'><strong>ut</strong></span> <span class='ocrx_word' id='word_1_77' title='bbox 1585 775 1678 826; x_wconf 76' lang='lat' dir='ltr'><strong>ali.-</strong></span> 
     </span>
     <span class='ocr_line' id='line_1_12' title="bbox 111 849 1682 919; baseline 0.001 -17"><span class='ocrx_word' id='word_1_78' title='bbox 111 853 221 919; x_wconf 91' lang='lat' dir='ltr'><strong>quid</strong></span> <span class='ocrx_word' id='word_1_79' title='bbox 253 854 340 918; x_wconf 91' lang='lat' dir='ltr'><strong>ipsi</strong></span> <span class='ocrx_word' id='word_1_80' title='bbox 374 855 682 918; x_wconf 77' lang='lat' dir='ltr'>impertiantur</span> <span class='ocrx_word' id='word_1_81' title='bbox 703 854 817 903; x_wconf 90' lang='lat' dir='ltr'><strong>:sed</strong></span> <span class='ocrx_word' id='word_1_82' title='bbox 850 863 899 903; x_wconf 91' lang='lat' dir='ltr'><strong>ut</strong></span> <span class='ocrx_word' id='word_1_83' title='bbox 925 855 1013 904; x_wconf 83' lang='lat' dir='ltr'><strong>sint</strong></span> <span class='ocrx_word' id='word_1_84' title='bbox 1037 857 1305 916; x_wconf 84' lang='lat' dir='ltr'><strong>unanimeS,</strong></span> <span class='ocrx_word' id='word_1_85' title='bbox 1333 862 1381 903; x_wconf 87' lang='lat' dir='ltr'><strong>ut</strong></span> <span class='ocrx_word' id='word_1_86' title='bbox 1408 849 1562 902; x_wconf 64' lang='lat' dir='ltr'><strong>mutua</strong></span> <span class='ocrx_word' id='word_1_87' title='bbox 1590 854 1682 903; x_wconf 77' lang='lat' dir='ltr'><strong>sint</strong></span> 
     </span>
     <span class='ocr_line' id='line_1_13' title="bbox 112 927 574 978; baseline 0.002 -1"><span class='ocrx_word' id='word_1_88' title='bbox 112 927 331 978; x_wconf 76' lang='lat' dir='ltr'>charitate</span> <span class='ocrx_word' id='word_1_89' title='bbox 356 928 574 978; x_wconf 87' lang='lat' dir='ltr'><strong>devincti.</strong></span> 
     </span>
    </p>

    <p class='ocr_par' dir='ltr' id='par_1_8' title="bbox 109 1003 1672 1132">
     <span class='ocr_line' id='line_1_14' title="bbox 179 1003 1672 1074; baseline 0.003 -19"><span class='ocrx_word' id='word_1_90' title='bbox 179 1003 384 1055; x_wconf 87' lang='lat' dir='ltr'><strong>Tantum</strong></span> <span class='ocrx_word' id='word_1_91' title='bbox 406 1007 582 1055; x_wconf 88' lang='lat' dir='ltr'><strong>bonum</strong></span> <span class='ocrx_word' id='word_1_92' title='bbox 607 1012 676 1055; x_wconf 90' lang='lat' dir='ltr'><strong>est</strong></span> <span class='ocrx_word' id='word_1_93' title='bbox 703 1007 972 1067; x_wconf 79' lang='lat' dir='ltr'><strong>concordia,</strong></span> <span class='ocrx_word' id='word_1_94' title='bbox 1002 1016 1049 1057; x_wconf 90' lang='lat' dir='ltr'><strong>ut</strong></span> <span class='ocrx_word' id='word_1_95' title='bbox 1071 1015 1160 1057; x_wconf 87' lang='lat' dir='ltr'><strong>tam</strong></span> <span class='ocrx_word' id='word_1_96' title='bbox 1201 1006 1412 1057; x_wconf 87' lang='lat' dir='ltr'><strong>ardenter</strong></span> <span class='ocrx_word' id='word_1_97' title='bbox 1439 1010 1496 1058; x_wconf 90' lang='lat' dir='ltr'><strong>ab</strong></span> <span class='ocrx_word' id='word_1_98' title='bbox 1527 1003 1672 1074; x_wconf 89' lang='lat' dir='ltr'><strong>Apo-</strong></span> 
     </span>
     <span class='ocr_line' id='line_1_15' title="bbox 109 1081 550 1132; baseline 0.002 -1"><span class='ocrx_word' id='word_1_99' title='bbox 109 1081 228 1131; x_wconf 88' lang='lat' dir='ltr'><strong>stolo</strong></span> <span class='ocrx_word' id='word_1_100' title='bbox 253 1082 550 1132; x_wconf 80' lang='lat' dir='ltr'><strong>desideretur.</strong></span> 
     </span>
    </p>
   </div>
   <div class='ocr_carea' id='block_1_6' title="bbox 118 1165 1671 1632">
    <p class='ocr_par' dir='ltr' id='par_1_9' title="bbox 118 1165 1671 1311">
     <span class='ocr_line' id='line_1_16' title="bbox 178 1165 1671 1234; baseline 0.001 -15"><span class='ocrx_word' id='word_1_101' title='bbox 178 1165 321 1219; x_wconf 87' lang='lat' dir='ltr'><strong>Adeo</strong></span> <span class='ocrx_word' id='word_1_102' title='bbox 345 1187 455 1233; x_wconf 90' lang='lat' dir='ltr'><strong>pura</strong></span> <span class='ocrx_word' id='word_1_103' title='bbox 481 1168 669 1219; x_wconf 80' lang='lat' dir='ltr'><strong>charitas</strong></span> <span class='ocrx_word' id='word_1_104' title='bbox 696 1167 855 1231; x_wconf 78' lang='lat' dir='ltr'><strong>Pauli,</strong></span> <span class='ocrx_word' id='word_1_105' title='bbox 881 1188 976 1220; x_wconf 86' lang='lat' dir='ltr'><strong>non</strong></span> <span class='ocrx_word' id='word_1_106' title='bbox 1019 1171 1262 1234; x_wconf 82' lang='lat' dir='ltr'><strong>quaerentis</strong></span> <span class='ocrx_word' id='word_1_107' title='bbox 1303 1186 1406 1234; x_wconf 86' lang='lat' dir='ltr'><strong>quae</strong></span> <span class='ocrx_word' id='word_1_108' title='bbox 1438 1187 1516 1220; x_wconf 90' lang='lat' dir='ltr'><strong>sua</strong></span> <span class='ocrx_word' id='word_1_109' title='bbox 1540 1179 1671 1230; x_wconf 90' lang='lat' dir='ltr'><strong>sunt,</strong></span> 
     </span>
     <span class='ocr_line' id='line_1_17' title="bbox 118 1246 565 1311; baseline 0.007 -17"><span class='ocrx_word' id='word_1_110' title='bbox 118 1246 201 1295; x_wconf 89' lang='lat' dir='ltr'><strong>sed</strong></span> <span class='ocrx_word' id='word_1_111' title='bbox 224 1263 324 1311; x_wconf 84' lang='lat' dir='ltr'><strong>quae</strong></span> <span class='ocrx_word' id='word_1_112' title='bbox 351 1249 565 1311; x_wconf 79' lang='lat' dir='ltr'><strong>proximi.</strong></span> 
     </span>
    </p>

    <p class='ocr_par' dir='ltr' id='par_1_10' title="bbox 177 1321 1020 1391">
     <span class='ocr_line' id='line_1_18' title="bbox 177 1321 1020 1391; baseline 0.004 -19"><span class='ocrx_word' id='word_1_113' title='bbox 177 1321 365 1374; x_wconf 90' lang='lat' dir='ltr'><strong>Bonum</strong></span> <span class='ocrx_word' id='word_1_114' title='bbox 389 1327 583 1391; x_wconf 86' lang='lat' dir='ltr'><strong>proximi</strong></span> <span class='ocrx_word' id='word_1_115' title='bbox 603 1362 618 1388; x_wconf 89' lang='lat'><strong>‚</strong></span> <span class='ocrx_word' id='word_1_116' title='bbox 644 1327 852 1375; x_wconf 87' lang='lat' dir='ltr'><strong>solatium</strong></span> <span class='ocrx_word' id='word_1_117' title='bbox 871 1323 1020 1375; x_wconf 90' lang='lat' dir='ltr'><strong>Pauli.</strong></span> 
     </span>
    </p>

    <p class='ocr_par' dir='ltr' id='par_1_11' title="bbox 176 1398 813 1456">
     <span class='ocr_line' id='line_1_19' title="bbox 176 1398 813 1456; baseline 0.005 -3"><span class='ocrx_word' id='word_1_118' title='bbox 176 1398 317 1454; x_wconf 84' lang='lat' dir='ltr'><strong>Hanc</strong></span> <span class='ocrx_word' id='word_1_119' title='bbox 336 1407 511 1454; x_wconf 84' lang='lat' dir='ltr'><strong>imitare</strong></span> <span class='ocrx_word' id='word_1_120' title='bbox 534 1405 813 1456; x_wconf 88' lang='lat' dir='ltr'><strong>charitatem.</strong></span> 
     </span>
    </p>

    <p class='ocr_par' dir='ltr' id='par_1_12' title="bbox 174 1479 1533 1541">
     <span class='ocr_line' id='line_1_20' title="bbox 174 1479 1533 1541; baseline 0 -10"><span class='ocrx_word' id='word_1_121' title='bbox 174 1479 234 1531; x_wconf 85' lang='lat' dir='ltr'><strong>In</strong></span> <span class='ocrx_word' id='word_1_122' title='bbox 262 1484 475 1532; x_wconf 87' lang='lat' dir='ltr'><strong>omnibus</strong></span> <span class='ocrx_word' id='word_1_123' title='bbox 497 1483 626 1533; x_wconf 84' lang='lat' dir='ltr'><strong>stude</strong></span> <span class='ocrx_word' id='word_1_124' title='bbox 650 1484 927 1541; x_wconf 82' lang='lat' dir='ltr'><strong>concordiae,</strong></span> <span class='ocrx_word' id='word_1_125' title='bbox 953 1483 1083 1532; x_wconf 90' lang='lat' dir='ltr'><strong>stude</strong></span> <span class='ocrx_word' id='word_1_126' title='bbox 1105 1491 1150 1532; x_wconf 92' lang='lat' dir='ltr'><strong>et</strong></span> <span class='ocrx_word' id='word_1_127' title='bbox 1177 1482 1364 1532; x_wconf 90' lang='lat' dir='ltr'><strong>aliorum</strong></span> <span class='ocrx_word' id='word_1_128' title='bbox 1391 1484 1533 1532; x_wconf 88' lang='lat' dir='ltr'><strong>bono.</strong></span> 
     </span>
    </p>

    <p class='ocr_par' dir='ltr' id='par_1_13' title="bbox 177 1559 1669 1632">
     <span class='ocr_line' id='line_1_21' title="bbox 177 1559 1669 1632; baseline -0.002 -17"><span class='ocrx_word' id='word_1_129' title='bbox 177 1559 234 1616; x_wconf 64' lang='grc' dir='ltr'><strong>Ῠ.</strong></span> <span class='ocrx_word' id='word_1_130' title='bbox 257 1563 303 1614; x_wconf 84' lang='grc'><strong>3.</strong></span> <span class='ocrx_word' id='word_1_131' title='bbox 326 1565 468 1615; x_wconf 81' lang='lat' dir='ltr'><strong>Nihil</strong></span> <span class='ocrx_word' id='word_1_132' title='bbox 482 1583 568 1630; x_wconf 79' lang='lat' dir='ltr'><strong>per·</strong></span> <span class='ocrx_word' id='word_1_133' title='bbox 587 1570 942 1626; x_wconf 81' lang='lat' dir='ltr'><strong>contentionem,</strong></span> <span class='ocrx_word' id='word_1_134' title='bbox 973 1585 1114 1632; x_wconf 85' lang='lat' dir='ltr'><strong>neque</strong></span> <span class='ocrx_word' id='word_1_135' title='bbox 1133 1585 1219 1631; x_wconf 84' lang='lat' dir='ltr'><strong>per</strong></span> <span class='ocrx_word' id='word_1_136' title='bbox 1235 1567 1422 1614; x_wconf 77' lang='lat' dir='ltr'><strong>inanem</strong></span> <span class='ocrx_word' id='word_1_137' title='bbox 1452 1565 1669 1628; x_wconf 75' lang='lat' dir='ltr'><strong>gloriam,</strong></span> 
     </span>
    </p>
   </div>
   <div class='ocr_carea' id='block_1_7' title="bbox 107 1641 1671 1784">
    <p class='ocr_par' dir='ltr' id='par_1_14' title="bbox 107 1641 1671 1784">
     <span class='ocr_line' id='line_1_22' title="bbox 107 1641 830 1707; baseline 0.001 -17"><span class='ocrx_word' id='word_1_138' title='bbox 107 1641 266 1707; x_wconf 84' lang='lat' dir='ltr'><strong>supple</strong></span> <span class='ocrx_word' id='word_1_139' title='bbox 283 1679 298 1702; x_wconf 93' lang='lat'><strong>‚</strong></span> <span class='ocrx_word' id='word_1_140' title='bbox 323 1641 484 1704; x_wconf 82' lang='lat' dir='ltr'><strong>facite,</strong></span> <span class='ocrx_word' id='word_1_141' title='bbox 505 1643 579 1692; x_wconf 85' lang='lat' dir='ltr'><strong>vel</strong></span> <span class='ocrx_word' id='word_1_142' title='bbox 601 1641 830 1693; x_wconf 77' lang='lat' dir='ltr'><strong>facientes.</strong></span> 
     </span>
     <span class='ocr_line' id='line_1_23' title="bbox 174 1712 1671 1784; baseline -0.001 -19"><span class='ocrx_word' id='word_1_143' title='bbox 174 1718 270 1766; x_wconf 83' lang='lat' dir='ltr'><strong>Sed</strong></span> <span class='ocrx_word' id='word_1_144' title='bbox 285 1718 334 1766; x_wconf 79' lang='lat'><strong>1⁹12</strong></span> <span class='ocrx_word' id='word_1_145' title='bbox 360 1718 622 1767; x_wconf 67' lang='lat' dir='ltr'><strong>humilitate</strong></span> <span class='ocrx_word' id='word_1_146' title='bbox 650 1721 919 1784; x_wconf 80' lang='lat' dir='ltr'><strong>superiores.</strong></span> <span class='ocrx_word' id='word_1_147' title='bbox 941 1716 1026 1769; x_wconf 86' lang='lat' dir='ltr'><strong>Gr.</strong></span> <span class='ocrx_word' id='word_1_148' title='bbox 1063 1712 1434 1779; x_wconf 66' lang='grc' dir='ltr'><strong>ὑπερέχόντεις,</strong></span> <span class='ocrx_word' id='word_1_149' title='bbox 1455 1723 1671 1782; x_wconf 85' lang='lat' dir='ltr'><strong>praestan-</strong></span> 
     </span>
    </p>
   </div>
   <div class='ocr_carea' id='block_1_8' title="bbox 70 1794 528 1852">
    <p class='ocr_par' dir='ltr' id='par_1_15' title="bbox 70 1794 528 1852">
     <span class='ocr_line' id='line_1_24' title="bbox 70 1794 528 1852; baseline 0.007 -9"><span class='ocrx_word' id='word_1_150' title='bbox 70 1833 78 1837; x_wconf 83' lang='lat'>.</span> <span class='ocrx_word' id='word_1_151' title='bbox 109 1796 247 1845; x_wconf 85' lang='lat' dir='ltr'><strong>tiores</strong></span> <span class='ocrx_word' id='word_1_152' title='bbox 264 1832 275 1852; x_wconf 83' lang='lat'>,</span> <span class='ocrx_word' id='word_1_153' title='bbox 301 1794 528 1846; x_wconf 81' lang='lat' dir='ltr'><strong>meliores.</strong></span> 
     </span>
    </p>
   </div>
   <div class='ocr_carea' id='block_1_9' title="bbox 106 1877 1677 2107">
    <p class='ocr_par' dir='ltr' id='par_1_16' title="bbox 106 1877 1677 2107">
     <span class='ocr_line' id='line_1_25' title="bbox 175 1877 1677 1946; baseline 0.001 -16"><span class='ocrx_word' id='word_1_154' title='bbox 175 1878 245 1941; x_wconf 48' lang='grc' dir='ltr'><strong>ᾖ.</strong></span> <span class='ocrx_word' id='word_1_155' title='bbox 264 1880 313 1940; x_wconf 77' lang='grc'><strong><em>4</em></strong></span> <span class='ocrx_word' id='word_1_156' title='bbox 339 1883 448 1931; x_wconf 83' lang='lat' dir='ltr'><strong>Non</strong></span> <span class='ocrx_word' id='word_1_157' title='bbox 471 1900 574 1946; x_wconf 82' lang='lat' dir='ltr'><strong>quoe</strong></span> <span class='ocrx_word' id='word_1_158' title='bbox 607 1901 692 1931; x_wconf 82' lang='lat' dir='ltr'><strong>sua</strong></span> <span class='ocrx_word' id='word_1_159' title='bbox 721 1892 879 1933; x_wconf 81' lang='lat' dir='ltr'><strong>sunt...</strong></span> <span class='ocrx_word' id='word_1_160' title='bbox 913 1884 995 1932; x_wconf 82' lang='lat' dir='ltr'><strong>sed</strong></span> <span class='ocrx_word' id='word_1_161' title='bbox 1026 1899 1080 1929; x_wconf 85' lang='lat' dir='ltr'><strong>ea</strong></span> <span class='ocrx_word' id='word_1_162' title='bbox 1118 1899 1217 1946; x_wconf 77' lang='lat' dir='ltr'><strong>quoe</strong></span> <span class='ocrx_word' id='word_1_163' title='bbox 1246 1882 1474 1938; x_wconf 75' lang='lat' dir='ltr'><strong>0l1&#39;01·1&#39;1m;</strong></span> <span class='ocrx_word' id='word_1_164' title='bbox 1504 1883 1551 1930; x_wconf 89' lang='lat' dir='ltr'><strong>in</strong></span> <span class='ocrx_word' id='word_1_165' title='bbox 1585 1877 1677 1931; x_wconf 86' lang='lat' dir='ltr'><strong>Gr.</strong></span> 
     </span>
     <span class='ocr_line' id='line_1_26' title="bbox 106 1956 488 2008; baseline 0.008 -3"><span class='ocrx_word' id='word_1_166' title='bbox 106 1956 188 2007; x_wconf 90' lang='lat' dir='ltr'><strong>sed</strong></span> <span class='ocrx_word' id='word_1_167' title='bbox 215 1965 260 2007; x_wconf 90' lang='lat' dir='ltr'><strong>et</strong></span> <span class='ocrx_word' id='word_1_168' title='bbox 284 1958 488 2008; x_wconf 90' lang='lat' dir='ltr'><strong>aliorum.</strong></span> 
     </span>
     <span class='ocr_line' id='line_1_27' title="bbox 174 2029 1668 2107; baseline 0.003 -25"><span class='ocrx_word' id='word_1_169' title='bbox 174 2029 284 2107; x_wconf 65' lang='lat' dir='ltr'><strong>Syr·</strong></span> <span class='ocrx_word' id='word_1_170' title='bbox 305 2051 393 2083; x_wconf 84' lang='lat' dir='ltr'><strong>nec</strong></span> <span class='ocrx_word' id='word_1_171' title='bbox 422 2033 480 2082; x_wconf 92' lang='lat' dir='ltr'><strong>de</strong></span> <span class='ocrx_word' id='word_1_172' title='bbox 503 2051 552 2082; x_wconf 91' lang='lat' dir='ltr'><strong>se</strong></span> <span class='ocrx_word' id='word_1_173' title='bbox 579 2035 765 2099; x_wconf 90' lang='lat' dir='ltr'><strong>quisque</strong></span> <span class='ocrx_word' id='word_1_174' title='bbox 787 2037 842 2084; x_wconf 86' lang='lat' dir='ltr'><strong>sit</strong></span> <span class='ocrx_word' id='word_1_175' title='bbox 862 2033 1074 2084; x_wconf 85' lang='lat' dir='ltr'><strong>sollicitus</strong></span> <span class='ocrx_word' id='word_1_176' title='bbox 1089 2029 1211 2092; x_wconf 57' lang='lat' dir='ltr'><strong>{sed</strong></span> <span class='ocrx_word' id='word_1_177' title='bbox 1235 2036 1423 2099; x_wconf 88' lang='lat' dir='ltr'><strong>quisque</strong></span> <span class='ocrx_word' id='word_1_178' title='bbox 1446 2038 1580 2085; x_wconf 90' lang='lat' dir='ltr'><strong>etiam</strong></span> <span class='ocrx_word' id='word_1_179' title='bbox 1608 2035 1668 2087; x_wconf 89' lang='lat' dir='ltr'><strong>de</strong></span> 
     </span>
    </p>
   </div>
   <div class='ocr_carea' id='block_1_10' title="bbox 103 2108 442 2169">
    <p class='ocr_par' dir='ltr' id='par_1_17' title="bbox 103 2108 442 2169">
     <span class='ocr_line' id='line_1_28' title="bbox 103 2108 442 2169; baseline 0.009 -15"><span class='ocrx_word' id='word_1_180' title='bbox 103 2108 318 2169; x_wconf 88' lang='lat' dir='ltr'><strong>proximo</strong></span> <span class='ocrx_word' id='word_1_181' title='bbox 342 2123 442 2157; x_wconf 78' lang='lat' dir='ltr'><strong>suo·</strong></span> 
     </span>
    </p>
   </div>
   <div class='ocr_carea' id='block_1_11' title="bbox 100 2189 1663 2897">
    <p class='ocr_par' dir='ltr' id='par_1_18' title="bbox 103 2189 1663 2396">
     <span class='ocr_line' id='line_1_29' title="bbox 170 2189 1663 2259; baseline 0.001 -18"><span class='ocrx_word' id='word_1_182' title='bbox 170 2189 328 2255; x_wconf 82' lang='lat' dir='ltr'><strong>Istud,</strong></span> <span class='ocrx_word' id='word_1_183' title='bbox 349 2202 409 2252; x_wconf 86' lang='lat' dir='ltr'><strong>et,</strong></span> <span class='ocrx_word' id='word_1_184' title='bbox 436 2210 514 2243; x_wconf 90' lang='lat' dir='ltr'><strong>seu</strong></span> <span class='ocrx_word' id='word_1_185' title='bbox 531 2230 544 2255; x_wconf 89' lang='lat'>,</span> <span class='ocrx_word' id='word_1_186' title='bbox 569 2196 703 2243; x_wconf 87' lang='lat' dir='ltr'><strong>etiam</strong></span> <span class='ocrx_word' id='word_1_187' title='bbox 722 2231 734 2254; x_wconf 84' lang='lat'>‚</span> <span class='ocrx_word' id='word_1_188' title='bbox 762 2194 929 2243; x_wconf 82' lang='lat' dir='ltr'><strong>indicat</strong></span> <span class='ocrx_word' id='word_1_189' title='bbox 952 2194 1074 2259; x_wconf 72' lang='lat' dir='ltr'><strong>quod</strong></span> <span class='ocrx_word' id='word_1_190' title='bbox 1099 2211 1193 2243; x_wconf 89' lang='lat' dir='ltr'><strong>non</strong></span> <span class='ocrx_word' id='word_1_191' title='bbox 1228 2196 1377 2243; x_wconf 92' lang='lat' dir='ltr'><strong>omnis</strong></span> <span class='ocrx_word' id='word_1_192' title='bbox 1413 2192 1663 2242; x_wconf 85' lang='lat' dir='ltr'><strong>sollicitudo</strong></span> 
     </span>
     <span class='ocr_line' id='line_1_30' title="bbox 103 2268 1662 2338; baseline 0.003 -20"><span class='ocrx_word' id='word_1_193' title='bbox 103 2268 175 2318; x_wconf 74' lang='lat' dir='ltr'><strong>sui</strong></span> <span class='ocrx_word' id='word_1_194' title='bbox 196 2274 253 2319; x_wconf 86' lang='lat' dir='ltr'><strong>sit</strong></span> <span class='ocrx_word' id='word_1_195' title='bbox 276 2270 414 2331; x_wconf 91' lang='lat' dir='ltr'><strong>mala,</strong></span> <span class='ocrx_word' id='word_1_196' title='bbox 440 2272 522 2325; x_wconf 87' lang='lat' dir='ltr'><strong>sed</strong></span> <span class='ocrx_word' id='word_1_197' title='bbox 542 2290 594 2322; x_wconf 90' lang='lat' dir='ltr'><strong>ea</strong></span> <span class='ocrx_word' id='word_1_198' title='bbox 617 2289 715 2337; x_wconf 79' lang='lat' dir='ltr'><strong>quae</strong></span> <span class='ocrx_word' id='word_1_199' title='bbox 744 2276 937 2338; x_wconf 85' lang='lat' dir='ltr'><strong>proximi</strong></span> <span class='ocrx_word' id='word_1_200' title='bbox 966 2283 1032 2324; x_wconf 83' lang='lat' dir='ltr'><strong>est</strong></span> <span class='ocrx_word' id='word_1_201' title='bbox 1067 2274 1289 2323; x_wconf 88' lang='lat' dir='ltr'><strong>obliviosa</strong></span> <span class='ocrx_word' id='word_1_202' title='bbox 1305 2311 1319 2335; x_wconf 83' lang='lat'>‚</span> <span class='ocrx_word' id='word_1_203' title='bbox 1343 2272 1416 2321; x_wconf 88' lang='lat' dir='ltr'><strong>vel</strong></span> <span class='ocrx_word' id='word_1_204' title='bbox 1450 2274 1662 2338; x_wconf 89' lang='lat' dir='ltr'><strong>proximo</strong></span> 
     </span>
     <span class='ocr_line' id='line_1_31' title="bbox 104 2363 284 2396; baseline -0.006 0"><span class='ocrx_word' id='word_1_205' title='bbox 104 2363 284 2396; x_wconf 73' lang='lat' dir='ltr'><strong>nociva.</strong></span> 
     </span>
    </p>

    <p class='ocr_par' dir='ltr' id='par_1_19' title="bbox 101 2429 1661 2659">
     <span class='ocr_line' id='line_1_32' title="bbox 181 2429 1661 2503; baseline 0.002 -19"><span class='ocrx_word' id='word_1_206' title='bbox 181 2429 392 2484; x_wconf 79' lang='lat' dir='ltr'><strong>Adverte</strong></span> <span class='ocrx_word' id='word_1_207' title='bbox 414 2434 535 2499; x_wconf 79' lang='lat' dir='ltr'><strong>quod</strong></span> <span class='ocrx_word' id='word_1_208' title='bbox 557 2432 621 2484; x_wconf 84' lang='lat' dir='ltr'><strong>D.</strong></span> <span class='ocrx_word' id='word_1_209' title='bbox 641 2433 807 2486; x_wconf 82' lang='lat' dir='ltr'><strong>Paulus</strong></span> <span class='ocrx_word' id='word_1_210' title='bbox 825 2474 837 2498; x_wconf 87' lang='lat'><strong>‚</strong></span> <span class='ocrx_word' id='word_1_211' title='bbox 865 2439 1118 2488; x_wconf 73' lang='lat' dir='ltr'><strong>concordiae</strong></span> <span class='ocrx_word' id='word_1_212' title='bbox 1150 2455 1284 2503; x_wconf 88' lang='lat' dir='ltr'><strong>super</strong></span> <span class='ocrx_word' id='word_1_213' title='bbox 1304 2433 1454 2487; x_wconf 88' lang='lat' dir='ltr'><strong>omnia</strong></span> <span class='ocrx_word' id='word_1_214' title='bbox 1474 2437 1661 2487; x_wconf 87' lang='lat' dir='ltr'><strong>studio-</strong></span> 
     </span>
     <span class='ocr_line' id='line_1_33' title="bbox 101 2507 1654 2578; baseline 0.003 -21"><span class='ocrx_word' id='word_1_215' title='bbox 101 2525 207 2568; x_wconf 50' lang='lat' dir='ltr'><strong>sus,</strong></span> <span class='ocrx_word' id='word_1_216' title='bbox 234 2511 281 2557; x_wconf 88' lang='lat' dir='ltr'><strong>in</strong></span> <span class='ocrx_word' id='word_1_217' title='bbox 304 2507 373 2558; x_wconf 90' lang='lat' dir='ltr'><strong>his</strong></span> <span class='ocrx_word' id='word_1_218' title='bbox 395 2510 600 2559; x_wconf 86' lang='lat' dir='ltr'><strong>versibus</strong></span> <span class='ocrx_word' id='word_1_219' title='bbox 623 2520 808 2575; x_wconf 45' lang='lat' dir='ltr'><strong>*tuor</strong></span> <span class='ocrx_word' id='word_1_220' title='bbox 834 2513 1042 2578; x_wconf 78' lang='lat' dir='ltr'><strong>designet</strong></span> <span class='ocrx_word' id='word_1_221' title='bbox 1064 2515 1388 2564; x_wconf 82' lang='lat' dir='ltr'><strong>discordiarum</strong></span> <span class='ocrx_word' id='word_1_222' title='bbox 1414 2515 1654 2578; x_wconf 86' lang='lat' dir='ltr'><strong>principia,</strong></span> 
     </span>
     <span class='ocr_line' id='line_1_34' title="bbox 103 2587 1611 2659; baseline 0.005 -25"><span class='ocrx_word' id='word_1_223' title='bbox 103 2587 264 2651; x_wconf 91' lang='lat' dir='ltr'><strong>quibus</strong></span> <span class='ocrx_word' id='word_1_224' title='bbox 281 2596 466 2653; x_wconf 89' lang='lat' dir='ltr'><strong>quatuor</strong></span> <span class='ocrx_word' id='word_1_225' title='bbox 486 2592 678 2655; x_wconf 88' lang='lat' dir='ltr'><strong>opponit</strong></span> <span class='ocrx_word' id='word_1_226' title='bbox 696 2593 952 2642; x_wconf 81' lang='lat' dir='ltr'><strong>concordiae</strong></span> <span class='ocrx_word' id='word_1_227' title='bbox 974 2612 1124 2643; x_wconf 80' lang='lat' dir='ltr'><strong>causas</strong></span> <span class='ocrx_word' id='word_1_228' title='bbox 1150 2602 1194 2644; x_wconf 90' lang='lat' dir='ltr'><strong>et</strong></span> <span class='ocrx_word' id='word_1_229' title='bbox 1216 2594 1336 2659; x_wconf 86' lang='lat' dir='ltr'><strong>pacis</strong></span> <span class='ocrx_word' id='word_1_230' title='bbox 1354 2593 1589 2658; x_wconf 79' lang='lat' dir='ltr'><strong>principia.</strong></span> <span class='ocrx_word' id='word_1_231' title='bbox 1609 2640 1611 2643; x_wconf 81' lang='grc'>.</span> 
     </span>
    </p>

    <p class='ocr_par' dir='ltr' id='par_1_20' title="bbox 100 2665 1658 2815">
     <span class='ocr_line' id='line_1_35' title="bbox 169 2665 1658 2742; baseline 0.004 -25"><span class='ocrx_word' id='word_1_232' title='bbox 169 2665 390 2721; x_wconf 87' lang='lat' dir='ltr'><strong>Dividunt</strong></span> <span class='ocrx_word' id='word_1_233' title='bbox 417 2677 579 2722; x_wconf 85' lang='lat' dir='ltr'><strong>mentis</strong></span> <span class='ocrx_word' id='word_1_234' title='bbox 615 2678 856 2736; x_wconf 83' lang='lat' dir='ltr'><strong>tenacitas,</strong></span> <span class='ocrx_word' id='word_1_235' title='bbox 878 2694 1005 2727; x_wconf 92' lang='lat' dir='ltr'><strong>amor</strong></span> <span class='ocrx_word' id='word_1_236' title='bbox 1027 2679 1176 2742; x_wconf 79' lang='lat' dir='ltr'><strong>gloriae</strong></span> <span class='ocrx_word' id='word_1_237' title='bbox 1194 2716 1208 2741; x_wconf 87' lang='lat'>‚</span> <span class='ocrx_word' id='word_1_238' title='bbox 1235 2675 1498 2726; x_wconf 88' lang='lat' dir='ltr'><strong>dominandi</strong></span> <span class='ocrx_word' id='word_1_239' title='bbox 1527 2674 1658 2724; x_wconf 88' lang='lat' dir='ltr'><strong>desi-</strong></span> 
     </span>
     <span class='ocr_line' id='line_1_36' title="bbox 100 2746 1198 2815; baseline 0.012 -21"><span class='ocrx_word' id='word_1_240' title='bbox 100 2746 275 2796; x_wconf 91' lang='lat' dir='ltr'><strong>derium</strong></span> <span class='ocrx_word' id='word_1_241' title='bbox 294 2784 307 2806; x_wconf 87' lang='lat'>‚</span> <span class='ocrx_word' id='word_1_242' title='bbox 337 2754 528 2815; x_wconf 86' lang='lat' dir='ltr'><strong>propriae</strong></span> <span class='ocrx_word' id='word_1_243' title='bbox 554 2752 748 2802; x_wconf 79' lang='lat' dir='ltr'><strong>utilitatis</strong></span> <span class='ocrx_word' id='word_1_244' title='bbox 768 2757 905 2805; x_wconf 89' lang='lat' dir='ltr'><strong>nimia</strong></span> <span class='ocrx_word' id='word_1_245' title='bbox 931 2757 1198 2808; x_wconf 75' lang='lat' dir='ltr'><strong>sollicitudo·</strong></span> 
     </span>
    </p>

    <p class='ocr_par' dir='ltr' id='par_1_21' title="bbox 172 2820 1658 2897">
     <span class='ocr_line' id='line_1_37' title="bbox 172 2820 1658 2897; baseline 0.005 -24"><span class='ocrx_word' id='word_1_246' title='bbox 172 2820 349 2874; x_wconf 89' lang='lat' dir='ltr'><strong>Uniunt</strong></span> <span class='ocrx_word' id='word_1_247' title='bbox 366 2863 377 2889; x_wconf 94' lang='lat'>,</span> <span class='ocrx_word' id='word_1_248' title='bbox 399 2831 425 2878; x_wconf 78' lang='grc' dir='ltr'>ὲ</span> <span class='ocrx_word' id='word_1_249' title='bbox 442 2837 595 2878; x_wconf 87' lang='lat' dir='ltr'><strong>contra</strong></span> <span class='ocrx_word' id='word_1_250' title='bbox 611 2865 625 2891; x_wconf 87' lang='lat'>‚</span> <span class='ocrx_word' id='word_1_251' title='bbox 647 2847 893 2897; x_wconf 89' lang='lat' dir='ltr'><strong>pacemque</strong></span> <span class='ocrx_word' id='word_1_252' title='bbox 911 2833 1073 2884; x_wconf 82' lang='lat' dir='ltr'><strong>fovent</strong></span> <span class='ocrx_word' id='word_1_253' title='bbox 1090 2837 1255 2883; x_wconf 88' lang='lat' dir='ltr'><strong>mentis</strong></span> <span class='ocrx_word' id='word_1_254' title='bbox 1271 2831 1495 2883; x_wconf 87' lang='lat' dir='ltr'><strong>humilitas</strong></span> <span class='ocrx_word' id='word_1_255' title='bbox 1512 2868 1526 2896; x_wconf 87' lang='lat'>‚</span> <span class='ocrx_word' id='word_1_256' title='bbox 1552 2848 1658 2881; x_wconf 89' lang='lat' dir='ltr'><strong>con·</strong></span> 
     </span>
    </p>
   </div>
  </div>
 </body>
</html>
