1806 3164
0 589 13 619 ’ὲ
30 601 38 622 ε

0 627 53 705 '¹³⁷
97 661 196 710 cani
233 659 347 710 illius
391 659 511 726 quod
533 659 590 706 ab
616 666 790 707 aeterno
816 657 897 707 fuit
922 656 1240 706 absconditum
1264 657 1310 704 in
1354 650 1472 704 Deo
1489 692 1502 717 ,
1527 657 1661 720 eique

44 780 70 803 ⁸
97 737 185 788 soli
202 745 359 787 notum
385 738 461 800 qui
489 736 641 785 omnia
665 735 787 785 fecit.

451 122 673 160 ‘rmt‘mx
706 99 1654 171 nxmsmo.cap.111.71

0 221 3 262 ς
154 181 312 260 Mihi,
332 196 546 264 inquam,
570 196 646 261 qui
664 211 767 244 sum
794 196 999 243 omnium
1023 190 1385 243 Christianorum
1411 191 1645 255 minimu3‚

0 281 5 291 ¹
55 275 198 327 data
221 283 292 326 est
314 273 416 324 haee
427 275 591 338 gratia,

163 349 292 401 Utin
319 351 529 415 gentibus
550 346 864 412 evangelizem
883 342 1372 411 incomprehensibiles
1403 339 1572 393 Christi
1593 341 1655 392 di·

43 433 55 471 ἶ
93 427 249 487 vitias,
282 442 362 475 seu
386 426 661 474 uberrimam
691 426 931 486 gratIarum
959 429 1004 471 et
1040 423 1267 470 bonorum
1309 422 1487 486 copiam
1525 437 1659 486 quarn

0 539 6 550 ι
30 542 40 553 .»
93 503 230 557 nobis
255 503 443 554 contulit
467 497 709 550 Christus·
699 522 710 559 ;

163 581 226 634 Et
248 579 303 633 u(
318 583 531 633 omnibus
553 597 782 646 exponam
803 584 938 644 quam
959 582 1014 629 sit
1037 579 1312 629 admirabilis
1333 578 1567 629 exsecutio
1586 593 1661 627 ar-

133 843 139 848 ·
164 811 235 864 Ita
255 822 303 864 ut
324 831 447 864 nunc
468 851 481 877 ‚
509 822 610 880 post
630 813 763 877 hujus
779 814 987 879 mysterii
1015 813 1384 877 adimpletionem
1403 850 1417 875 ‚
1442 811 1663 879 primariis

15 900 18 902 ’
39 890 46 920 .·
97 896 233 945 etiam
259 895 340 944 illis
365 896 625 959 angelorum
654 895 916 956 ordinibus,
948 897 1024 959 qui
1048 896 1322 959 principatus
1344 902 1389 944 et
1415 901 1661 960 potestates

98 981 413 1036 nuncupantur
426 1009 440 1032 ,

172 1043 356 1110 Quique
383 1048 429 1095 in
446 1046 554 1095 locis
575 1046 832 1096 coelestihus
854 1054 1191 1096 commorantur
1206 1083 1218 1106 ‚

165 1121 360 1174 Pateflat
382 1141 462 1188 per
483 1140 533 1178 ea
554 1141 654 1189 quae
678 1128 704 1173 a
724 1121 906 1173 Christo
926 1132 970 1173 et
989 1121 1228 1187 Apostolis
1250 1121 1364 1172 facta
1386 1130 1491 1174 sunt
1511 1124 1555 1171 in
1567 1119 1656 1172 Ec·

99 1197 258 1262 desiti,
285 1205 395 1250 vere
418 1201 621 1249 miranda
639 1239 654 1263 ‚
684 1219 736 1270 abc
759 1201 881 1250 varia
903 1199 991 1250 Dei
1011 1200 1258 1265 sapientiaiz

170 1342 323 1407 Quam
348 1347 395 1394 in
415 1347 590 1396 saeculis
615 1350 640 1395 a
663 1364 711 1396 se
729 1347 1080 1411 praedestinastis
1101 1343 1407 1396 manifestavit
1425 1347 1472 1394 in
1499 1342 1664 1395 ChrIs-

99 1430 149 1472 to
166 1420 279 1473 Jesu
301 1421 504 1473 Domino
526 1433 683 1474 nostro
710 1443 722 1473 :

169 1557 228 1608 In
247 1563 370 1623 cujus
391 1563 614 1624 nornine,
643 1569 690 1610 et
713 1579 793 1626 per
811 1560 950 1610 fidem
995 1558 1122 1624 quii
1108 1576 1256 1626 ipsum
1289 1559 1589 1609 mediatorem
1619 1567 1667 1609 et

100 1639 442 1701 propitiatorem
465 1646 671 1688 nostrum
712 1638 974 1696 credimuS‚
1003 1636 1226 1687 habemus
1262 1637 1474 1687 fiduciam
1514 1635 1668 1686 Deum

99 1710 390 1778 alloquendi,
432 1723 478 1764 et
518 1713 576 1764 ad
615 1717 762 1780 ipsum
791 1713 1078 1763 confidenter
1117 1713 1393 1775 accedendi,
1435 1716 1561 1778 quasi
1589 1699 1670 1762 sitii

27 1826 37 1830 .,
100 1787 160 1837 ad
177 1797 365 1854 patrem.

176 1899 301 1952 Cum
323 1922 431 1969 ergo
445 1904 780 1971 11ae9‚sitvestra
803 1906 1023 1969 dignitas,
1039 1914 1088 1955 ut
1113 1923 1192 1969 per
1209 1902 1442 1955 Christum
1463 1903 1668 1958 habeatis

102 1979 162 2029 ad
189 1978 341 2031 Deum
359 2017 371 2041 ,
397 1990 608 2046 tanquam
644 1982 700 2030 ad
724 1991 896 2047 patrem
912 2021 926 2044 ‚
951 1999 1207 2040 accessum;

171 2058 310 2126 Rogo
334 2080 415 2111 vos
441 2080 500 2113 ne
524 2063 689 2112 cadatis
712 2067 864 2123 animo
890 2074 1071 2130 propter
1091 2064 1361 2114 afflictiones
1393 2071 1438 2112 et
1461 2062 1635 2112 vincula
1651 2099 1667 2125 ‚

174 2136 294 2201 Quae
314 2140 453 2189 vestri
471 2139 601 2190 causti
623 2144 768 2205 patior
788 2178 800 2200 ‚
830 2145 938 2206 quia
960 2142 1128 2190 scilicet
1151 2142 1285 2190 vobis
1313 2151 1359 2190 et
1378 2141 1471 2190 aliis
1496 2137 1669 2189 Genti-

103 2213 218 2265 libus
242 2212 475 2265 Christum
497 2217 764 2280 evangelizo
784 2234 796 2272 ;

171 2293 273 2344 lmo
294 2313 376 2344 vos
396 2331 408 2354 ‚
437 2295 637 2345 exultare
659 2305 703 2344 et
721 2297 897 2360 gloriari
919 2306 1158 2362 propterea
1176 2299 1392 2346 convenit
1414 2316 1425 2353 ;
1444 2295 1670 2359 siquidem

103 2368 208 2421 haec
229 2373 405 2421 vincula
426 2381 470 2422 et
490 2377 721 2438 passiones
743 2382 844 2423 sunt
868 2391 969 2423 mea
994 2383 1238 2438 vestraque
1258 2374 1415 2438 gloria.

171 2481 374 2549 Propter
398 2484 519 2549 hoc,
542 2505 602 2537 ne
624 2493 738 2538 rneis
757 2491 925 2539 scilicet
951 2490 1074 2540 malis
1097 2492 1239 2540 territi
1265 2490 1510 2548 deficiatis,
1559 2518 1561 2520 -

171 2558 331 2612 Flecto
356 2582 524 2629 genua,
565 2566 884 2634 humiliterque
929 2587 1039 2635 rogo
1072 2566 1223 2619 Deum
1249 2563 1446 2617 Patrem
1480 2564 1674 2616 Domini

101 2641 244 2687 nostri
268 2634 297 2689 J
306 2658 384 2690 esu
407 2638 591 2692 Christi.

173 2751 266 2815 Qui
299 2774 391 2806 non
424 2760 561 2810 solius
589 2757 788 2823 Christi,
816 2763 899 2812 sed
933 2766 1168 2820 omniurn,
1207 2771 1300 2812 tam
1342 2761 1672 2825 angelicarum,

0 2865 27 2913 ἵ
107 2831 243 2891 quarn
262 2827 558 2884 humanarum
579 2835 841 2886 familiarum
860 2848 986 2903 pater
1000 2846 1045 2888 et
1063 2847 1217 2888 auctor
1238 2844 1333 2898 est,
1360 2836 1461 2886 licet
1486 2837 1680 2886 diversi·

6 2920 32 2962 ζ’
100 2903 256 2956 mod&-

0 2966 23 2988 φ
