1800 3158
305 130 310 133 -
360 145 362 147 .
445 110 663 147 τωρωι
697 109 988 147 Exposrrm.
1025 94 1144 161 Cap.
1181 91 1265 150 II.
1429 150 1432 154 ,
1542 97 1650 160 425

67 185 302 251 impedivit
317 181 559 244 Satanas,
585 182 756 233 scilicet
771 221 784 245 ,
813 199 893 249 per
913 186 1255 251 inexspectatas
1277 150 1323 235 et
1345 183 1650 241 vehementes

70 264 290 332 quasdam
316 266 624 326 tentationes,
661 265 723 312 ait
750 262 882 311 divus
924 260 1318 331 Chrysostomus.
1347 281 1452 315 nam
1477 282 1582 316 cum
1608 271 1657 324 εἶ

67 342 270 402 fuissent
278 349 460 393 structae
476 344 503 391 ὲ
524 338 557 390 J
561 340 704 391 udaeis
723 340 936 401 insidiae,
961 348 1165 391 retentus
1180 348 1247 391 est
1269 344 1317 391 in
1335 338 1535 396 Heliade
1555 351 1650 395 tres

75 433 304 468 menses·
327 418 454 469 idem
475 417 542 476 D
569 414 943 484 Chry-sostomuS.

141 493 303 566 Y.19
323 505 369 548 et
389 517 473 548 20.
501 496 623 562 Quoe
648 504 716 544 est
739 499 864 544 enim
893 503 1052 543 nostra
1079 512 1195 559 spes.

138 569 392 623 Rationem
403 572 551 624 reddit
565 576 633 622 sui
647 572 1043 622 vehementissimi
1062 571 1290 633 desiderii,
1310 572 1500 636 scilicet,
1521 553 1649 640 quod

70 652 119 701 in
141 648 317 703 iliorum
338 651 446 702 fidei
471 651 684 701 firmitate
707 650 893 700 fundata
916 652 972 700 sit
993 652 1119 715 spei,
1141 650 1291 715 gaudii
1315 658 1359 700 et
1379 651 1535 716 gloriae
1551 669 1650 703 suae

68 729 272 778 materia.

139 800 393 870 Agnoscite
415 805 557 854 verba
582 812 774 853 matrum
788 842 801 866 ‚
824 803 1050 853 charitatis
1071 811 1116 851 et
1137 803 1459 853 misericordiae
1481 806 1645 856 visce-

69 883 195 933 ribus
229 882 360 932 vaide
384 881 764 931 inflammatarum
783 917 795 941 ‚
824 879 1035 946 parvulos
1062 897 1168 930 suos
1193 881 1548 946 alloquentium,
1582 885 1646 935 ait

72 959 209 1010 divus
234 957 606 1023 Chrysostomus.
631 955 694 1007 Et
720 967 824 1023 post
850 958 973 1007 illum
1004 954 1404 1024 TheophyiactuS.

141 1037 292 1091 Patris
314 1048 359 1091 et
382 1043 537 1090 matris
560 1057 688 1089 amor
711 1041 758 1088 in
783 1056 926 1089 unum
950 1041 1255 1101 commixtus,
1285 1057 1491 1116 amorem
1512 1038 1648 1090 Pauli

71 1135 168 1170 non
193 1120 504 1186 aequiparabit.
526 1116 602 1169 Ex
624 1118 792 1168 eodem
815 1115 1171 1184 Chrysostomo.

138 1195 188 1248 Si
214 1197 313 1248 haec
332 1195 503 1248 Paulus
530 1197 647 1247 dixit
679 1196 946 1246 hominibus
978 1195 1130 1246 adhuc
1159 1197 1446 1259 mortalibus,
1484 1198 1645 1265 quidni

65 1280 213 1328 beatae
237 1274 395 1327 Mariae
415 1275 594 1342 Virgini
619 1274 869 1341 Deiparae'
858 1294 903 1326 in
929 1275 1051 1324 coeiis
1078 1280 1285 1342 regnanti
1320 1277 1470 1328 dicere
1498 1285 1643 1343 pote-

70 1355 235 1404 rimus?

10 1549 15 1553 .
65 1504 375 1557 corollarium
417 1494 631 1570 pietatis,
679 1524 757 1554 seu
793 1507 842 1554 in
878 1505 967 1555 hoc
1008 1500 1174 1568 Capite
1218 1524 1245 1555 2
1263 1542 1276 1567 ‚
1322 1503 1390 1551 ad
1416 1506 1642 1570 pictatem

275 1585 487 1633 maxime}
510 1584 718 1633 notanda
737 1620 751 1646 ,
779 1592 825 1632 et
855 1584 922 1632 ad
946 1584 1139 1648 praxim
1160 1582 1422 1645 redigenda.

767 1759 884 1794 Pmm
894 1746 939 1792 ὸ.

71 1881 178 1974 ΑΒ
203 1924 430 1993 exemplo>
445 1921 559 1975 Divi
581 1922 711 1975 Pauu
730 1924 872 1974 discat
895 1926 1045 1974 omnis
1063 1925 1213 1974 bonus
1236 1933 1416 1991 pastor,
1445 1931 1638 1992 aposto-r

64 2000 180 2051 licus
202 2003 494 2051 concionator
511 2038 525 2062 ‚
550 2005 786 2052 universas
808 2000 947 2051 officii
970 2002 1038 2050 sui
1064 2008 1230 2066 partes,

138 2079 297 2145 Qualis
319 2099 418 2132 esse
440 2082 631 2146 debeat,
656 2087 793 2150 quom
816 2086 862 2132 in
885 2079 1040 2131 Deum
1069 2082 1217 2132 fidens
1237 2119 1248 2142 ‚
1280 2086 1416 2148 quem
1440 2081 1566 2132 sortis
1588 2085 1640 2135 in

64 2162 352 2226 passionibus
368 2198 382 2223 ,
414 2164 549 2229 quim
574 2162 689 2212 liber
714 2170 758 2212 et
779 2160 922 2211 audax
947 2162 995 2210 in
1025 2161 1313 2226 praedicando
1337 2159 1430 2212 Dei
1456 2164 1603 2213 verbo
1623 2193 1639 2220 ,

67 2234 137 2300 Y.
162 2259 213 2290 2.

0 2314 5 2379 '1
137 2311 297 2377 Qualis
328 2333 429 2366 esse
462 2317 627 2369 debeat
653 2316 767 2367 illius
790 2317 995 2381 doctrina
1014 2353 1027 2379 ‚
1057 2320 1193 2383 quam
1221 2334 1356 2380 vera,
1384 2335 1524 2384 pura,
1558 2318 1640 2371 diff·

0 2384 17 2464 ΙΓ
69 2392 205 2450 vina,
233 2386 302 2452 Υ
333 2390 365 2440 3
390 2400 435 2441 et
458 2393 506 2453 4.

0 2468 3 2482 ”
142 2466 254 2532 Quo
277 2471 430 2520 animo
452 2469 699 2534 praedicare
718 2471 911 2534 debeat,
936 2489 1033 2521 non
1055 2481 1104 2523 ut
1136 2473 1308 2538 placeat
1338 2471 1641 2537 hominibus;

0 2594 2 2603 k
59 2562 158 2600 non
180 2552 231 2597 ut
254 2561 349 2596 suae
367 2546 598 2611 cupiditati
626 2550 823 2607 serviat;
856 2549 939 2599 sed
963 2558 1011 2599 ut
1034 2548 1140 2601 Deo
1159 2588 1172 2612 ,
1200 2549 1407 2600 cordium
1437 2551 1632 2614 inspec-·

0 2663 3 2681 2
72 2626 160 2675 tori
178 2661 193 2687 ‚
218 2623 414 2690 placeat,
441 2617 502 2677 fi.
523 2625 581 2687 4,
612 2624 670 2686 5,
695 2624 747 2676 6.

0 2723 3 2755 t
142 2695 252 2759 Quo
279 2698 447 2748 affectu
472 2715 523 2748 se
543 2717 700 2765 gerere
725 2718 826 2766 erga
858 2701 1091 2763 subditos,
1118 2703 1231 2750 sicut
1261 2709 1406 2752 mater
1435 2704 1640 2753 nutriens

0 2764 9 2872 ι
69 2774 188 2824 filios
210 2792 345 2835 suos;
370 2785 547 2842 paratus
567 2795 663 2828 non
686 2778 753 2829 lac
777 2778 994 2830 doctrinae
1014 2783 1188 2830 tantum
1210 2780 1318 2831 dare
1333 2817 1346 2843 ‚
1375 2780 1458 2832 sed
1489 2790 1534 2832 et
1555 2783 1640 2833 vi-

2 2871 10 2919 ᾒ
70 2856 163 2899 tam
183 2887 199 2914 ,
224 2843 282 2904 Ῠ.
308 2867 359 2917 7.

0 2922 18 3060 ἰ
351 2933 425 2971 lv.
1386 2922 1468 2975 18.
