1800 3158
436 131 443 146 ’-
510 125 750 164 .πωπω
776 123 1054 181 Exposrno.
1083 105 1204 176 Cap.
1231 108 1342 166 HL
1590 102 1706 172 -43'1-
1730 179 1754 186 ὴ

210 197 308 252 Sed
323 217 435 267 quas,
450 196 692 266 gratiarum
711 194 1011 264 actiones'pro
1030 197 1183 248 vestra
1203 193 1457 248 constantia
1471 192 1579 247 Deo
1597 197 1709 248 red-

145 279 254 330 dere
275 294 462 346 possum
477 317 492 342 ‚
521 287 565 330 et
599 295 683 345 pro
706 279 881 343 ingenti
903 274 1056 327 laetitia
1080 293 1215 342 quam
1239 281 1426 343 propter
1449 291 1536 326 vos
1556 291 1709 326 coram
1732 333 1740 337 ,

143 356 255 410 Deo
278 353 500 426 percepi?

220 466 428 522 Assidue
454 479 502 522 et
521 469 930 521 vehementissime
951 484 1112 534 precor
1135 464 1294 518 Deum
1311 505 1324 531 ,
1345 475 1395 518 ut
1408 484 1494 518 vos
1510 470 1712 519 revisere

145 549 282 600 nobis
315 547 536 598 concedat
558 553 608 598 et
628 548 787 598 verbis·
809 546 1027 611 perficere
1051 545 1279 609 possimus
1297 581 1310 605 ‚
1349 546 1388 593 si
1411 560 1514 608 quae
1545 543 1716 596 desunt

146 627 257 678 fidei
282 635 445 677 vestrae
477 632 585 679 (seu
613 627 767 676 verbis
803 624 943 675 fidem
974 631 1170 673 vestram
1194 623 1440 687 perficere,
1467 621 1714 691 persectius

149 713 201 756 et.
210 704 370 754 clarius
390 720 476 753 vos
492 702 765 753 instruendo
779 739 793 765 ,
810 720 859 752 v.
881 719 946 766 g„
963 699 1023 750 de
1040 700 1370 750 resurrectione
1386 699 1713 761 mortuorum).

193 778 373 844 ⁴Deus,
402 782 480 846 qui
515 788 560 830 et
584 777 724 830 Pater
742 788 899 829 noster
927 786 1024 840 est,
1059 785 1105 827 et
1136 773 1366 826 Dominus
1387 783 1543 826 noster
1572 773 1713 828 Jesus

146 854 355 910 Christus
392 857 879 942 (desideriumdneum
916 851 1156 919 impleat),
1201 862 1246 903 et
1269 871 1538 921 prosperum
1577 855 1713 904 nobis

146 938 234 987 iter
256 935 314 984 ad
338 952 421 985 vos
447 935 686 986 concedat.
1143 958 1146 959 ⁷

218 1009 394 1063 Precor
427 1020 471 1062 et
513 1010 769 1063 Dominum
785 1048 797 1072 ‚
850 1016 900 1059 ut
940 1025 1028 1058 vos
1061 1007 1328 1074 multiplicet
1367 1006 1480 1068 (seu
1522 1024 1714 1058 numero

151 1089 413 1151 crescatis),
442 1099 489 1140 et
513 1090 778 1140 charitatem
806 1095 1004 1137 vestram
1027 1087 1259 1137 abundare
1273 1085 1403 1136 saciat
1425 1087 1472 1134 in
1494 1087 1714 1148 invicem,

57 1175 61 1179 '
148 1170 244 1217 imo
273 1174 319 1217 et
342 1168 390 1215 in
422 1184 612 1228 omnes;
650 1165 1039 1232 quemadmodum
1078 1172 1124 1214 et
1152 1181 1238 1228 ego
1273 1181 1360 1214 vos
1384 1179 1542 1214 amore
1578 1179 1716 1222 com-

148 1243 339 1308 plector.

174 1340 177 1342 ·
221 1317 286 1370 Et
311 1320 404 1371 hoc
437 1338 548 1385 otc,
588 1330 639 1371 ut
660 1317 748 1370 hac
768 1321 934 1370 virtute
970 1317 1106 1367 corda
1130 1325 1279 1368 vestra
1309 1319 1454 1383 magis
1493 1333 1546 1366 ae
1571 1317 1717 1380 magis

96 1466 99 1467 γ
150 1396 430 1447 stabiliantur
452 1400 499 1446 in
522 1400 777 1457 sanctitate,
801 1399 985 1461 sintque
1004 1393 1418 1459 irreprehensibilia
1438 1401 1543 1443 ante
1555 1390 1719 1443 Deum

151 1482 200 1524 et
213 1471 402 1525 Patrem
420 1484 646 1534 nostrum,
666 1479 715 1525 in
732 1475 807 1524 die
822 1491 912 1540 quo
929 1470 1157 1523 Dominus
1171 1480 1329 1523 noster
1344 1469 1377 1522 J
1381 1488 1484 1522 esus
1505 1467 1713 1521 Christus

154 1569 258 1602 curn
278 1556 490 1604 omnibus
511 1556 679 1613 sanctis
706 1556 798 1604 suis
821 1553 1050 1603 adveniet.
1069 1547 1244 1603 Amen.
1512 1546 1515 1547 ⁷
