1800 3158
471 66 698 108 murex
724 63 1018 112 expostum
1049 48 1170 115 Cap.
1190 50 1261 102 II.
1512 52 1631 116 ’ζει

123 140 206 209 Υ.
233 161 315 195 ιο.
349 137 408 190 V
397 159 449 192 os
467 148 602 190 testes
627 138 737 188 estis
765 145 811 185 et
845 137 968 186 Deus
984 153 1003 195 ;
1026 137 1152 203 quasi
1182 135 1388 186 diceret:
1417 134 1631 189 Vestram

63 225 269 289 ipsorum
305 220 634 271 conscientiam
659 214 839 282 appello
864 221 1061 264 testem:
1084 214 1191 279 quin
1220 220 1266 263 et
1289 209 1444 263 Deum
1478 217 1631 283 ipsum

66 308 234 354 testem
261 302 448 350 invoco.

142 382 302 449 Qulzm
327 381 509 443 sancte,
537 377 687 444 quoad
722 375 875 427 Deum
900 396 911 425 :
936 378 1078 441 quc‘zm
1093 375 1226 440 juste}
1241 411 1258 436 ‚
1293 378 1445 444 quoad
1465 381 1633 445 proxi-

67 478 197 514 mum
215 498 229 523 ‚
253 468 298 509 et
314 460 413 509 sine
438 455 618 523 quet-elci
634 476 651 503 .-
675 473 754 506 seu
778 459 914 522 quam
946 453 1404 520 irreprehensibiliter
1418 468 1524 522 erga
1547 473 1633 509 vos

72 555 235 591 omnes
262 541 350 587 sim
374 542 684 586 conversatus.

144 627 236 677 Vel
255 626 416 674 sancte}
434 661 447 686 ,
485 626 532 672 in
556 620 763 672 doctrina
799 628 845 670 et
877 618 972 669 vita
994 638 1004 667 τ
1016 620 1146 685 juste}
1165 658 1178 682 ‚
1202 623 1303 672 sine
1334 621 1420 672 ulla
1440 624 1601 686 injuria
1619 664 1633 687 ‚

74 706 349 763 exactione,
390 701 729 765 importunitate
765 698 1066 760 :inculpate'‚
1107 699 1207 746 sine
1248 697 1324 747 illo
1352 698 1636 753 infirmorum

78 780 377 833 offendiculo.

145 863 205 924 fi.
244 889 264 920 1
280 889 322 920 1.
348 872 478 918 Sicut
512 869 643 918 scitis
664 867 861 932 qualiler
879 882 1246 930 unumquemque
1263 864 1462 916 vcstnltiz
1487 865 1511 928 (
1533 884 1642 916 am-

77 947 204 1013 plexi
234 945 522 1007 fuerimus),
562 946 684 993 sicut
711 953 840 1006 patet
869 942 1010 1006 filios
1038 961 1056 988 .-
1088 945 1148 991 ita
1177 943 1481 1008 supplendum
1519 953 1643 1010 putat

79 1021 318 1085 Erasmus,
345 1026 420 1088 qui
444 1023 597 1071 addit:
617 1020 719 1070 haec
743 1028 812 1069 est
833 1020 1058 1070 balbuties
1085 1016 1366 1084 ApostolIcae
1392 1017 1635 1084 charitatis,

83 1122 184 1172 quae
205 1123 255 1155 se
285 1104 439 1153 verbis
461 1102 670 1152 humanis
689 1138 701 1161 ‚
728 1118 810 1150 ceu
835 1101 1079 1150 temulenta
1094 1137 1108 1162 ‚
1139 1118 1234 1149 non
1256 1101 1471 1168 explicat.

151 1187 311 1240 Estius
336 1185 638 1252 supplendum
665 1192 788 1250 putat
818 1200 873 1233 eo
899 1201 988 1250 quo
1012 1183 1108 1232 dixi
1129 1183 1268 1234 modo
1288 1187 1336 1234 in
1358 1185 1649 1252 paraphrasi:

85 1288 223 1336 quam
255 1268 382 1318 vide·

155 1348 214 1409 Ῠ.
250 1373 327 1405 12.
354 1354 662 1417 Depreconles
694 1368 795 1399 vos.
827 1346 911 1399 Gr.
935 1348 1171 1400 hortantes
1197 1367 1282 1399 vos
1301 1358 1344 1401 et
1367 1352 1651 1403 consolantes

18 1439 27 1446 ²
88 1439 140 1482 et
167 1431 383 1482 obtestati
406 1427 464 1478 ad
487 1425 743 1487 ambulare,
769 1434 880 1486 etc.‚
905 1423 1012 1473 vide
1038 1423 1365 1491 paraphrasim.

163 1517 295 1568 Hinc
329 1516 470 1565 discat
508 1516 660 1563 omnis
687 1515 938 1562 animarum
979 1519 1134 1577 pastor
1177 1528 1229 1561 ac
1261 1514 1492 1575 minister,
1523 1512 1648 1564 velut

95 1606 254 1664 pater,
278 1594 446 1645 affectu
466 1601 654 1658 paterno
680 1591 914 1656 deprecari
932 1628 947 1657 ἲ
977 1588 1231 1651 consolari,
1262 1590 1495 1640 obtestari.

162 1681 386 1734 Precibus
417 1680 653 1731 exhortari
680 1677 861 1728 desides
878 1714 891 1738 ‚
920 1694 980 1727 ne
1005 1684 1292 1741 torpescant,
1316 1678 1398 1728 sed
1418 1681 1466 1729 in
1485 1681 1656 1746 incep-

94 1773 190 1815 tam
206 1763 358 1812 salutis
382 1762 504 1811 viam
528 1757 706 1808 assidue
728 1757 1088 1822 progrediantur.

165 1844 404 1898 Consolari
439 1851 656 1904 moestos,
685 1859 744 1891 ne
787 1842 998 1891 deficiant
1031 1843 1186 1891 animo
1206 1879 1220 1905 ‚
1253 1842 1336 1892 sed
1364 1845 1412 1893 in
1446 1842 1657 1896 Domino

97 1932 336 1992 sperantes
369 1921 615 1972 anchoram
659 1918 812 1969 salutis
846 1919 1034 1969 firmiter
1078 1926 1263 1970 teneant
1309 1939 1321 1968 :
1353 1920 1529 1973 fortiter
1565 1940 1656 1989 pa-

99 2002 284 2051 tiantur.
1620 2017 1630 2022 ,

171 2089 408 2141 Obtestari
435 2105 622 2148 omnes,
653 2095 702 2136 ut
725 2081 1034 2153 unusquisque
1069 2090 1116 2138 iu
1151 2106 1234 2140 suo
1256 2099 1370 2142 statu
1395 2092 1531 2157 digne
1558 2091 1660 2146 Deo

101 2168 327 2230 ambulet,
360 2166 439 2231 qui
462 2166 645 2218 vocavit
667 2183 750 2214 nos
768 2166 815 2213 in
835 2183 1024 2228 regnum
1046 2185 1180 2215 suum
1202 2178 1248 2218 et
1268 2171 1487 2234 gloriam.

585 2332 917 2369 OBSERVATIO
939 2334 1189 2373 Montius.

177 2479 287 2533 Duo
319 2477 391 2528 his
426 2478 475 2527 in
496 2477 651 2526 verbis
676 2476 843 2526 ultimis
882 2486 1018 2540 nota,
1057 2497 1156 2545 quae
1192 2482 1341 2529 omnis
1381 2477 1666 2539 Christianus

111 2560 326 2611 continue
348 2571 528 2604 versare
549 2553 690 2603 debet
718 2554 894 2603 animo.
970 2547 972 2549 ’

181 2634 409 2696 Primum,
430 2631 564 2684 Deus
586 2635 769 2684 vocavit
787 2650 862 2684 me
884 2633 940 2683 ad
960 2651 1151 2700 regnum
1176 2654 1307 2687 suum
1331 2646 1376 2688 et
1399 2639 1456 2689 ad
1479 2640 1669 2707 gloriam

115 2729 259 2764 suam·

183 2797 278 2849 Per
310 2797 450 2848 fidem
471 2806 516 2847 et
537 2794 824 2862 Baptismum
848 2802 1034 2850 vocavit
1062 2817 1139 2851 me
1162 2801 1220 2851 ad
1240 2819 1438 2868 regnum
1466 2805 1676 2859 dilectis-

114 2875 219 2926 simi
256 2869 366 2924 Filii
393 2875 492 2938 sui,
523 2872 582 2924 ad
613 2869 900 2926 Ecclesiam:
923 2876 1136 2932 vocando
1159 2896 1237 2930 me
1266 2879 1325 2930 ad
1347 2880 1435 2932 hoc
1456 2899 1674 2951 regnum,
