1800 3158
454 40 678 102 rnifimx
711 54 1002 95 Exposrrlo.
1041 38 1157 105 Cap.
1193 34 1260 95 V.
1362 33 1374 37 ’
1524 30 1650 106 ’475

79 138 167 188 tius
189 154 200 184 :
224 139 472 196 sustentate
488 116 594 190 eoS,
630 129 754 187 velut
773 145 909 193 manu
933 127 1220 197 prehensos,
1248 129 1297 179 id
1320 126 1390 179 est
1411 167 1427 192 ‚
1461 128 1651 193 tolerate

79 224 127 267 et
147 214 445 283 opitulamini.
468 207 660 262 Graecus
680 208 904 274 significat
932 216 1175 273 utrumque
1193 246 1207 269 ‚
1244 208 1436 259 tolerare
1461 216 1508 270 et
1542 201 1648 273 opi-

79 292 224 349 tulari.

148 366 391 430 Patientes
408 372 553 414 estote
569 363 636 411 ml
652 380 825 412 omnes.

146 440 260 492 Sive
282 442 451 491 infirmi
471 442 590 502 sint,
619 440 718 488 sive
736 437 1043 502 pusillanimes
1060 476 1074 501 ,
1096 441 1196 488 sive
1216 438 1476 487 inordinati.

147 518 378 572 Patientia
398 559 410 582 ‚
436 521 621 577 lenitas,
648 517 978 580 mansuetudo,
1013 520 1155 566 virtus
1191 526 1258 567 est
1279 516 1502 582 generalis
1523 524 1569 567 et
1589 517 1655 567 ad>

81 616 242 649 omnes
271 599 410 648 debet
447 596 653 647 extendi.

149 670 208 740 ᾖ.
238 673 315 724 15.
341 671 508 721 Videte
525 691 582 720 ne
603 674 704 736 quis
725 672 901 719 molum
922 688 1007 734 pro
1031 672 1156 719 malo
1171 671 1334 718 reddat
1354 687 1368 712 -·

147 747 438 800 Interdicitur
458 747 674 796 vindicta.

147 825 198 877 Si
220 827 387 875 malum
408 842 490 890 pro
507 824 624 873 malo
639 841 733 872 non
751 832 817 872 est
831 823 1132 883 reddendum,
1149 822 1292 886 inulto
1313 825 1464 873 minus
1478 821 1646 871 malum

11 925 17 933 ·
80 919 164 967 pro
189 902 342 962 bono,
369 899 513 949 multo
538 901 687 948 minus
727 903 766 948 si
791 916 884 948 non
909 898 1041 948 fuerit
1065 897 1186 964 prius
1221 899 1404 949 malum.
1426 895 1646 964 Chryso-

82 992 273 1034 stemus,

149 1061 245 1110 Sed
265 1076 443 1122 semper
461 1058 581 1122 quod
601 1058 769 1104 bonum
794 1067 912 1108 est...

149 1135 246 1187 Sed
267 1135 445 1185 studete
469 1136 681 1183 omnibus
704 1151 884 1199 semper
902 1133 1199 1196 benefacere,
1231 1151 1325 1183 non
1349 1135 1523 1182 tantum
1542 1131 1643 1182 fra-

79 1217 246 1274 tribus,
274 1213 357 1262 sed
381 1220 426 1261 et
447 1211 707 1261 infidelibus
729 1220 772 1261 et
802 1213 1165 1277 persecutoribus
1188 1216 1367 1262 vestris.

147 1292 272 1344 Nota
302 1310 482 1355 semper
511 1300 556 1338 et
590 1293 639 1338 in
670 1310 842 1342 omnes.
880 1290 1172 1356 Praeceptum
1195 1290 1391 1341 Domini
1414 1299 1481 1341 est
1505 1310 1516 1339 ε
1543 1291 1643 1355 Ego

79 1377 235 1418 aulem
260 1368 363 1416 dico
383 1367 538 1430 vobis,
569 1367 793 1428 diligite...

146 1445 214 1509 Y.
247 1444 323 1494 16.
349 1445 537 1507 Semper·
552 1443 747 1505 gaudete
763 1479 780 1502 ,
815 1446 896 1492 etsi
926 1446 971 1492 in
995 1446 1264 1494 tentationes
1284 1443 1507 1494 incidatiS.

146 1519 406 1587 Alloquitur
444 1536 606 1568 omnes
642 1527 687 1568 et
719 1521 924 1583 praelatos
947 1530 994 1570 et
1027 1521 1397 1586 subditos,quos
1434 1520 1642 1578 hortatur

78 1609 128 1651 ut
163 1602 269 1651 laeto
304 1615 487 1662 semper
529 1600 618 1646 sint
653 1601 836 1659 anirn0,
885 1603 1019 1649 etiam
1046 1601 1092 1648 in
1117 1599 1280 1648 mediis
1304 1608 1349 1649 et
1382 1601 1644 1664 urgentibus

77 1678 235 1740 malis,
259 1678 318 1725 ait
346 1673 409 1724 D.
432 1671 721 1724 Athanasius.

147 1753 294 1818 Quasi
316 1754 436 1802 dicat
456 1750 705 1816 Apostolus
743 1773 754 1802 :
784 1751 961 1804 Omnia
988 1772 1071 1821 pro
1099 1750 1286 1805 Christo
1305 1771 1438 1820 aequo
1453 1753 1639 1804 tolerate

78 1847 247 1881 animo,

149 1905 402 1968 Quomodo
425 1913 575 1968 potest
595 1904 685 1953 hoc
703 1905 836 1955 fieri?

148 1978 207 2038 fi.
235 2003 311 2048 17.
335 1984 447 2032 Sine
465 1984 801 2031 intermissione
824 1995 968 2036 orate.
1372 2036 1375 2049 ζ

146 2059 304 2113 Vitam
324 2064 467 2127 aperit
491 2061 548 2109 ad
571 2070 837 2127 perpetuam
862 2064 1138 2129 spiritualem
1173 2066 1370 2115 laetitiam
1396 2064 1604 2129 :scilicet
1628 2100 1643 2123 ‚

79 2149 211 2192 orent
231 2140 408 2190 assidue
428 2147 474 2190 et
499 2140 557 2189 de
578 2141 788 2190 omnibus
810 2139 914 2193 Deo
933 2147 1093 2208 gratias
1114 2153 1267 2210 agant,
1294 2147 1428 2195 etiam
1454 2145 1514 2195 de
1541 2146 1632 2195 ad-

78 2237 237 2271 versus,
279 2267 284 2269 t

147 2295 254 2367 ΑΒΕ
280 2296 384 2347 Deo
400 2300 582 2361 gratias,
601 2305 646 2347 et
661 2297 829 2348 malurn
842 2307 1036 2349 mutatur
1056 2302 1102 2349 in
1116 2302 1309 2361 bonum,
1333 2304 1393 2351 ait
1407 2299 1455 2351 S.
1473 2298 1637 2368 Chry-

78 2383 321 2427 sostomus.
1452 2377 1471 2390 “⁴

144 2450 273 2503 Hinc
296 2448 357 2501 D.
375 2446 655 2516 Augustinus
675 2451 819 2502 laudat
838 2470 1012 2504 morem
1033 2457 1265 2519 antiquum
1289 2453 1498 2515 dicendi,
1531 2450 1637 2505 Deo

77 2535 254 2598 gratias.
280 2529 400 2583 Vide
429 2528 691 2581 Cornelium
715 2537 740 2581 a
769 2531 959 2598 Lapide.

142 2604 200 2662 JV.
229 2610 304 2660 18.
323 2609 447 2661 Hoec
465 2618 533 2657 est
549 2614 672 2659 enim
695 2613 911 2660 voluntas
936 2613 1088 2662 Dect...

146 2685 351 2749 Scilicet,
373 2695 422 2746 ut
438 2687 529 2740 hoc
553 2705 714 2739 omnes
735 2708 818 2739 vos
843 2694 1063 2754 praestetis
1089 2707 1169 2756 per
1197 2687 1230 2740 J
1235 2707 1363 2740 esum
1388 2687 1640 2740 Christum.

147 2760 277 2813 Sicut
297 2782 377 2829 per
394 2762 625 2818 Christum
646 2771 797 2831 omnia
820 2771 1089 2836 accipimus,
1119 2771 1184 2818 sic
1209 2786 1290 2833 per
1313 2770 1458 2834 ipsum
1477 2770 1641 2835 gratia-

76 2855 177 2889 rum
205 2840 438 2892 reddenda
460 2850 526 2892 est
550 2848 684 2897 acti0.
