1800 3158
1135 77 1161 87 a
1533 60 1560 87 Ο

0 0 41 209 Ε,
160 100 166 112 ι
437 107 655 172 ΤιιιΡιέΧ
676 110 972 172 aerosum.
1009 119 1125 185 Cap.
1160 119 1191 169 1
1198 113 1265 169 V.
1452 173 1464 178 ,
1528 113 1632 167 283

137 205 424 273 Μεμύημοιιρ
438 212 670 276 mysteriis
687 209 885 259 imbutus
902 224 1020 268 sum,
1041 198 1240 258 initiatus
1263 226 1383 272 sum,
1398 210 1626 258 institutus
1687 247 1693 279 5

65 304 186 350 sum3
206 291 332 354 quasi
347 289 518 340 diceret
534 310 545 337 :
560 284 796 355 Mysteriis
816 286 1013 334 initiatus
1033 302 1134 334 sum
1155 321 1167 344 ‚
1192 283 1249 334 ad
1269 289 1422 335 omnia
1443 283 1626 351 religio-
1686 285 1690 287 “

0 365 5 391 ³'
66 369 137 418 nis
162 364 380 418 exercitia
403 362 844 431 formatus{‚·ubique
867 371 911 414 et
931 365 980 413 in
1005 363 1222 413 omnibus
1242 365 1486 414 eventibus
1511 361 1621 412 novi
1679 430 1682 434 ⁴

7 487 10 490 .
65 462 142 495 me
164 439 404 495 christiane
424 460 598 509 gerere.

132 527 195 576 Et
213 528 386 576 satiari
400 521 444 575 el
465 527 651 587 esurii-e,
671 524 718 575 id
739 532 837 586 est,
858 531 1045 589 utraque
1066 523 1249 573 abunde
1261 541 1362 573 sum
1384 531 1619 587 expertus,

61 613 108 655 et
154 608 406 655 satietatem
452 612 500 654 et
538 603 704 654 samem
721 640 734 666 ‚
778 611 825 653 et
879 609 1128 667 egestatem
1177 610 1222 652 et
1279 601 1618 651 abundantiam.

61 684 402 739 Theodoretus.

399 807 542 856 'No-TA
578 818 889 855 errenffls
925 817 990 852 vr
1026 814 1271 852 moruus.

123 935 248 989 Nota
274 924 398 1003 quod
420 939 566 988 verbo
589 952 737 1001 graeco
763 936 899 984 utitur
921 937 946 983 3
970 950 1060 997 quo
1083 931 1309 981 derivatur
1328 931 1608 995 mysterium,

50 1018 336 1075 μεμυῆμιιι,
377 1014 570 1062 initiatus
595 1028 726 1060 sum:
749 1006 907 1071 μυέω,
933 1011 1093 1059 initio:
1122 1007 1231 1058 hinc
1252 1020 1533 1068 μυστήριον,
1562 1014 1610 1055 ut

49 1090 220 1140 indicet
245 1090 369 1154 quod
406 1090 515 1138 vita
536 1087 799 1147 christiana,
826 1091 865 1137 si
888 1089 944 1137 sit
984 1087 1187 1147 interior,
1219 1085 1484 1150 mysterium
1510 1092 1611 1142 est,

48 1165 315 1216 sacrificium
343 1166 527 1232 lausque
549 1161 636 1213 Dei
662 1166 892 1230 perennis.

110 1238 172 1290 ¹In
195 1243 408 1290 omnibus
444 1241 717 1303 eventibu3‚
746 1243 843 1290 sive
878 1241 1007 1305 copia
1039 1245 1266 1300 occurrat,
1303 1239 1405 1289 sive
1430 1239 1604 1303 inopia,

48 1334 124 1367 eor
144 1326 351 1366 nostrum
366 1316 509 1366 debet
534 1315 779 1365 sacrificare
800 1324 844 1365 et
864 1315 1118 1364 sacrificari.

11 1454 25 1455 Π
113 1394 373 1447 sacrificare
394 1394 605 1461 quidem,
639 1397 789 1444 omnia
813 1394 870 1443 ad
902 1391 990 1443 Dei
1028 1394 1210 1458 gloriam
1230 1371 1497 1449 relerendm
1524 1409 1603 1442 sa-

0 1460 230 1524 ἡἷετίῐὶεειτὶ
251 1477 392 1534 vero,
416 1489 497 1538 per
524 1474 866 1537 temperantiam
890 1472 938 1520 in
963 1467 1270 1531 abundantia,
1309 1485 1391 1533 per
1421 1472 1604 1535 patien-

0 1502 187 1609 {tiam
175 1554 222 1600 in
250 1550 455 1617 penuria.

0 1615 27 1742 J2-
113 1626 369 1692 Utrobique
407 1627 628 1677 debemus
657 1627 852 1676 modum
893 1635 1087 1681 tenere:
1117 1627 1425 1691 temperantiae
1456 1633 1599 1675 metas

43 1720 138 1752 non
170 1702 393 1752 excedere
429 1703 476 1751 in
503 1703 692 1767 opibus,
726 1704 863 1752 animi
901 1705 1101 1768 quietem
1139 1719 1408 1754 conservare
1441 1705 1487 1752 in
1510 1720 1599 1768 pe·-

0 1765 14 1858 J
42 1778 185 1830 nuria.
246 1790 248 1794 ’

106 1856 339 1908 sacrificet
360 1876 469 1923 ergo
492 1867 538 1908 et
561 1860 834 1908 sacrificetur
870 1859 1001 1907 simul
1037 1875 1114 1907 cor
1133 1866 1366 1915 nostrum
1390 1859 1510 1909 hanc
1531 1862 1598 1910 sui
1662 1920 1664 1922 Ι

39 1938 463 1987 mortificationem
451 1954 497 1984 1n
518 1944 708 2001 utroque
732 1943 874 1991 statu,
900 1937 1070 2001 ubique
1094 1933 1196 1986 Deo
1219 1935 1429 1987 offerens.

108 2010 211 2063 Vita
232 2011 471 2062 christiana
495 2014 560 2060 sic
588 2011 750 2073 ducta,
786 2011 877 2070 laus
915 2014 998 2061 erit
1026 2002 1129 2062 Deo
1152 2017 1398 2077 perennis,
1426 2016 1593 2066 sacrifi-

32 2092 152 2140 cium
174 2097 473 2154 perpetuum,
493 2091 759 2153 mysterium
780 2090 1116 2141 absconditum.

102 2164 211 2222 Hoc
233 2169 502 2234 mysterium
529 2165 940 2234 perfectelnoverat
965 2165 1241 2235 Apostolus:
1263 2179 1355 2221 erat
1393 2175 1591 2225 initiatus

37 2250 82 2292 et
100 2242 158 2292 ad
175 2245 328 2293 omnia
341 2244 568 2293 institutus
587 2245 786 2293 :utinam
805 2260 890 2308 ego
905 2246 990 2294 sim
1011 2244 1196 2295 tandem
1217 2247 1453 2313 aliquando
1470 2261 1591 2302 cate-

39 2318 288 2368 chumenus
310 2335 363 2366 ac
383 2319 605 2367 novitius!

104 2391 160 2449 Ῠ.
184 2394 260 2446 13.
284 2395 456 2444 Omnia
469 2413 657 2459 possum
683 2397 732 2444 in
756 2415 808 2445 eo
831 2397 956 2461 qui...
981 2395 1067 2450 Gr.
1097 2402 1144 2450 in
1175 2418 1233 2451 eo
1268 2405 1588 2458 corroborante

35 2491 128 2523 me.
152 2471 306 2523 Gratia
332 2469 500 2522 Christi
524 2474 642 2521 intus
668 2474 945 2524 corroborat.

104 2548 226 2615 Quia
247 2550 496 2616 supradicta
517 2543 943 2616 magniloquentiam
963 2552 1199 2619 redolent,
1225 2557 1332 2607 vide
1351 2565 1585 2624 quampri-

34 2644 158 2678 mum
179 2632 383 2694 corrigat.

103 2704 216 2756 Non
240 2707 361 2770 hoc,
382 2709 556 2774 inquit,
595 2721 750 2756 meum
785 2704 1075 2757 benefactum
1112 2718 1207 2773 est,
1247 2710 1328 2760 sed
1368 2714 1465 2776 ejus
1509 2720 1584 2783 qui

34 2784 154 2831 vires
174 2781 268 2832 dat.
1151 2827 1169 2831 „

81 2859 198 2936 ¹Qui
224 2877 300 2912 me
327 2861 480 2911 docuit
518 2859 612 2911 hoc
652 2862 760 2911 vitae
782 2860 1053 2927 ¹christianae
1089 2869 1388 2932 mysterium,
1413 2869 1484 2921 ille
1509 2890 1583 2922 me

17 2940 133 3008 >ipse
155 2941 412 2991 corroborat
433 2940 618 2999 interius
633 2974 650 3001 ‚
676 2949 722 2992 ut
742 2939 847 2990 illud
869 2943 915 2991 in
934 2944 1109 3007 praxim
1130 2943 1348 3008 redigam.
