1806 3164
442 69 681 122 ’rninnx
707 72 982 110 exposrrro.
1020 57 1137 121 Cap.
1172 56 1244 108 II.
1565 56 1630 119 45

31 192 45 209 ,ν
133 147 300 214 Quoad
314 147 564 207 seeundum
578 183 592 210 ‚
608 153 892 196 mementote
912 144 1033 211 quod
1055 161 1200 207 nunc,
1228 161 1289 196 ex
1311 159 1402 210 quo
1416 139 1640 194 in'Chris-·

30 236 41 286 j
64 233 164 278 tum
189 223 445 283 credidistis
461 259 477 284 ‚
1562 258 1570 264 1

40 317 42 321 ’
137 292 264 367 Vos,
291 306 366 370 qui
391 300 631 369 aliquando
659 303 793 353 eratis
817 299 952 364 longe
976 303 1003 348 a
1023 298 1156 363 De0‚
1181 304 1207 350 a
1230 297 1413 351 Christo
1429 337 1442 361 ‚
1468 301 1494 351 ὲ
1518 315 1637 362 pac-

0 372 30 412 f'
69 382 125 430 tis
140 415 153 440 ‚
178 383 203 428 ὲ
226 377 603 444 promissionibus
617 413 629 436 ‚
648 377 908 425 a‘societate
926 371 1064 424 Israel
1083 413 1095 437 ,
1116 393 1207 425 uno
1230 377 1375 425 verbo
1394 413 1407 438 ,
1430 380 1454 425 a
1474 374 1632 433 salute;

23 451 42 516 J
136 451 303 514 Nunc,
323 456 531 517 inquam,
547 450 648 501 sacti
668 453 774 500 estis
789 467 930 517 prope
945 487 958 512 ,
983 468 1062 500 seu
1081 454 1322 518 propinqui
1342 450 1458 514 Dei,
1481 448 1638 502 Chris-

0 527 27 584 ’,ἶ
69 533 130 593 ti,
153 527 332 579 Israelis
349 564 362 588 ‚
383 536 428 577 et
451 527 740 576 beatitudinis
757 563 769 586 ,

137 603 231 656 Per
252 606 545 669 sanguinem,
573 621 653 652 seu
670 621 749 669 per
768 605 927 652 merita
948 604 1170 667 passionis
1195 613 1240 654 et
1255 607 1414 655 mortis
1441 600 1637 657 Christi.

121 671 242 748 'Ipse
268 685 391 733 enim
419 689 486 732 est
506 682 786 747 pacificator,
820 683 897 748 qui
921 698 1016 730 non
1050 678 1156 731 Deo
1177 681 1324 731 solum
1359 699 1445 732 nos
1468 699 1640 754 recon··.

72 761 265 821 efflavit,
530 752 532 755 ⁵
1416 821 1423 824 ᾖ

140 835 236 887 Sed
274 844 317 886 et
352 835 511 901 (quod
550 842 617 885 est
647 833 781 897 hujus
812 834 978 884 divinae
1017 835 1393 885 reconciliationis
1419 836 1641 902 sequela)

70 922 311 978 utrumque
332 913 575 979 populum,
605 913 827 974 judaicum
852 920 896 961 et
922 911 1138 977 gentilem
1159 949 1171 975 ‚
1198 913 1451 962 conciliavit
1469 922 1514 963 et
1535 917 1639 965 uni-

71 995 139 1041 vit
159 994 206 1040 in
229 991 315 1040 una
339 988 545 1040 Ecclesia
563 1027 575 1051 ,
601 991 686 1039 sub
706 1008 798 1039 uno
824 993 970 1056 capite
993 1014 1004 1050 ;

146 1066 328 1118 Murum
347 1105 361 1130 ‚
392 1071 468 1132 qui
493 1067 670 1118 medius
704 1077 827 1129 erat,
854 1077 898 1117 et
933 1060 1124 1118 Judaeo's
1150 1072 1174 1117 a
1212 1065 1441 1118 Gentibus
1463 1084 1645 1133 separa-

73 1145 181 1205 bat,
202 1151 389 1209 eratque
411 1161 540 1192 cansa
556 1153 871 1208 perpetuarum
891 1147 1226 1194 inimicitiarum
1249 1147 1366 1194 inter
1385 1142 1576 1194 Judaeos
1597 1151 1644 1195 et

43 1244 47 1249 ι
77 1208 287 1261 Gentiles
304 1247 317 1271 ,
341 1211 577 1261 destruens
597 1230 678 1278 per
700 1222 893 1262 mortem
911 1231 1044 1278 quam
1062 1215 1108 1261 in
1130 1230 1264 1262 carne
1284 1212 1363 1262 sua
1380 1215 1574 1271 subivit;

149 1289 322 1354 Legem
337 1290 519 1359 Moysis
533 1331 544 1351 ,
562 1293 889 1353 coeremonialia
906 1293 1045 1342 multa
1061 1293 1355 1343 mandantem
1371 1329 1384 1354 ‚
1409 1310 1491 1358 per
1507 1309 1646 1356 evan-

81 1367 223 1433 gelica
249 1368 460 1432 dogmata
483 1369 678 1418 abolevit
698 1388 710 1425 ;
1574 1374 1598 1403 Χ

143 1440 210 1492 Ut
231 1443 346 1492 duos
370 1444 559 1509 populos
580 1479 592 1504 ‚
619 1443 648 1493 J
655 1444 810 1494 udaeos
831 1445 1001 1494 scilicet
1024 1454 1069 1495 et
1090 1442 1266 1495 Gentes
1282 1483 1296 1507 ‚
1322 1461 1403 1510 per
1423 1447 1645 1495 unitatem

77 1517 212 1582 fidei,
253 1523 300 1569 in
322 1523 570 1585 semetipso
590 1557 603 1582 ,
648 1524 784 1571 unico
823 1519 1042 1571 Ecclesiae
1071 1525 1242 1588 capite,
1268 1539 1409 1572 unum
1449 1538 1610 1590 corpus
1631 1558 1645 1584 ,

76 1614 306 1663 unumque
327 1614 499 1646 novum
519 1597 756 1649 hominem
781 1598 990 1649 formaret
1008 1620 1018 1657 ;
1044 1608 1090 1649 et
1109 1599 1223 1649 facta
1246 1615 1354 1663 pace
1374 1636 1387 1660 ‚

148 1672 329 1724 Ambos
358 1677 550 1741 populos
574 1680 622 1725 in
643 1695 736 1727 uno
759 1695 947 1742 corpore
975 1676 1196 1729 Ecclesiae
1219 1679 1481 1728 reconciliet
1507 1676 1615 1729 Deo

148 1748 243 1800 Per
256 1768 461 1813 crucem,
487 1769 568 1817 per
594 1771 728 1819 quam
751 1756 797 1802 in
820 1757 1072 1820 semetipso
1096 1753 1320 1805 interfecit
1348 1764 1525 1805 mutuas
1548 1752 1647 1805 Ju-

73 1827 277 1879 daeorum
298 1837 343 1879 et
370 1827 622 1880 Gentilium
636 1833 917 1881 inimicitias.

150 1923 215 1975 Et
243 1931 345 1975 curn
371 1931 571 1978 venisset
594 1932 638 1978 in
657 1917 879 1980 mundum
898 1929 1038 1981 factus
1062 1930 1204 1982 homo
1223 1970 1235 1993 ‚
1268 1936 1633 2001 aununtiavitpa-

7 2005 30 2059 J
83 2020 184 2052 cem
211 2001 403 2053 suturam
422 2007 555 2055 vobis
575 2003 829 2057 Gentilibus
849 2044 863 2067 ‚

147 2076 242 2141 Qui
267 2079 400 2145 longe
422 2085 552 2131 eratis
573 2087 600 2132 ὲ
629 2081 731 2133 Deo
747 2121 762 2146 ‚
785 2089 809 2134 a
830 2082 1017 2135 Christo
1041 2095 1086 2136 et
1115 2089 1138 2135 a
1161 2086 1300 2138 salute
1320 2106 1332 2146 ;

151 2152 213 2204 Et
236 2153 440 2219 Judaeis‚
472 2156 576 2209 Deo
597 2198 609 2222 ‚
635 2158 818 2211 Christo
835 2198 847 2222 ‚
871 2163 997 2212 saluti
1015 2167 1305 2231 propinquis,
1329 2184 1411 2232 per
1436 2164 1524 2217 Dei
1549 2185 1649 2232 no:

81 2233 250 2293 titiam,
270 2231 418 2297 legem
436 2271 448 2294 ,
473 2244 517 2284 et
546 2240 779 2301 promissa.

149 2307 381 2371 Quoniam
403 2331 483 2379 per
498 2316 643 2380 ipsum
663 2318 800 2366 ambo
816 2355 828 2378 ‚
845 2326 934 2366 tarn
953 2319 1142 2383 gentiles
1158 2359 1170 2382 ‚
1196 2326 1332 2386 quam
1353 2320 1509 2373 Judaei
1529 2360 1542 2384 ‚
1564 2322 1647 2374 ha-

82 2384 245 2434 bemus
268 2388 435 2438 aditum
458 2399 505 2439 ut
528 2391 603 2440 filii
627 2392 684 2440 ad
714 2391 896 2443 Patrem
913 2432 926 2455 ‚
946 2413 1038 2445 uno
1057 2397 1313 2464 eodemque
1345 2396 1514 2463 Spiritu
1534 2399 1651 2450 duce

90 2470 136 2511 et
157 2464 427 2530 impulsore3
453 2471 512 2517 ita
534 2477 582 2517 ut
602 2470 846 2521 audeamus
869 2475 910 2523 ei
934 2473 1082 2524 dicere
1109 2495 1119 2520 τ
1148 2473 1285 2526 Pater
1310 2484 1481 2528 noster.

114 2570 127 2580 ·
150 2537 287 2591 Nunc
318 2560 427 2608 ergo
449 2562 542 2594 non
577 2549 683 2596 estis
706 2549 892 2612 amplius
911 2587 924 2611 ‚
963 2559 1011 2601 ut
1035 2554 1082 2602 in
1103 2554 1363 2618 gentilismo
1381 2591 1395 2616 ‚
1422 2559 1649 2622 peregrini

87 2625 132 2667 et
157 2625 359 2672 extranei
375 2628 399 2673 a
423 2625 806 2689 populo‚civitate
824 2664 838 2689 ,
868 2637 912 2678 et
931 2629 1068 2680 domo
1085 2629 1204 2691 Dei;

150 2687 250 2743 Sed
268 2700 375 2746 estis
391 2703 604 2751 concives
623 2711 898 2765 sanctorum,
928 2706 1224 2775 ejusdemque
1246 2711 1441 2760 civitatis
1458 2713 1653 2762 munici-

83 2781 164 2830 pes
186 2785 237 2818 ac
260 2775 398 2822 sancti
418 2776 699 2839 patriarchae,
722 2779 971 2843 prophetae,
987 2799 1237 2850 omnesque
1257 2785 1413 2838 fideles
1433 2787 1646 2853 elangeliz

112 2841 138 2856 ‘
166 2842 268 2896 imo
294 2853 400 2900 estis
423 2851 479 2901 de
503 2852 640 2903 domo
661 2861 708 2903 et
733 2854 894 2907 familia
914 2855 1021 2911 Dei.
