1806 3164
491 118 739 185 *xmttx-
755 128 1038 167 mosum.
1063 112 1185 182 Cap.
1217 115 1264 172 Ι.
1571 135 1672 195 19¹·

514 394 782 452 CAPUT
819 395 1168 454 PRIMUM.

717 567 1056 633 Pamphrasz's.

109 707 174 797 P
176 763 349 801 AuLth
369 757 416 799 et
448 747 753 812 Timotheu3‚
786 752 905 799 servi
934 748 1047 799 Jesu
1072 746 1270 812 Christi,
1298 752 1511 801 omnibus
1545 751 1666 800 fide-

109 826 224 890 libus
250 843 330 890 per
351 822 581 876 Christum
604 829 654 877 in
676 824 915 890 Baptismo
949 827 1268 886 sanctificatis,
1297 829 1372 892 qui
1411 835 1516 878 sunt
1547 825 1672 878 Phi-

110 900 269 968 lippis,
296 921 397 953 cum
422 905 646 969 episcopis
669 912 713 953 et
737 903 1027 963 diaconibus,
1054 905 1258 954 salutem.

114 1082 147 1135 J
181 1005 341 1134 Gratia
353 1016 398 1058 et
417 1025 507 1073 pax
527 1009 659 1058 vobis
694 1010 784 1058 sint
803 1011 828 1057 a
848 1005 950 1058 Deo
971 1005 1110 1058 Patre
1130 1016 1289 1058 nostro
1301 1044 1321 1071 Α,
1349 1015 1394 1057 et
1415 1010 1440 1056 a
1456 1003 1666 1056 Domino

149 1101 227 1136 esu
287 1083 446 1135 bristo.

181 1176 358 1230 Gratias
380 1198 465 1246 ago
478 1178 584 1231 Deo
607 1198 710 1230 meo
728 1182 907 1245 quoties
931 1178 1044 1229 mihi
1064 1182 1250 1230 recurrit
1273 1182 1500 1234 memoria‘
1518 1176 1671 1229 vestri.

178 1264 242 1318 Et
261 1285 466 1332 semper,
485 1270 533 1322 in
554 1269 765 1318 omnibus
783 1268 897 1316 meis
912 1266 970 1316 ad
990 1263 1146 1317 Deum
1167 1269 1409 1333 precibus,
1434 1283 1517 1331 pro
1538 1267 1670 1315 vobis

116 1345 328 1393 omnibus
346 1361 447 1393 cum
477 1345 639 1407 gaudio
666 1345 903 1409 deprecor.

183 1434 380 1502 Propter
402 1439 754 1488 beneficentiam
793 1447 1012 1497 vestram,
1041 1456 1176 1503 quarn
1215 1456 1276 1488 ex
1300 1456 1392 1504 quo
1419 1438 1672 1488 credidistis

117 1529 263 1580 usque
284 1531 433 1578 nunc,
461 1517 508 1564 in
531 1512 832 1580 Evangelium
859 1514 1025 1566 Christi
1051 1524 1095 1565 et
1117 1518 1164 1565 in
1189 1512 1427 1580 Evangelii
1443 1519 1674 1566 ministros

125 1590 393 1640 contulistis.

182 1663 431 1716 Confidens
464 1667 586 1730 quod
612 1665 764 1727 Deus,
812 1669 888 1731 qui
930 1666 1016 1717 tale
1034 1668 1210 1718 bonum
1254 1685 1370 1733 opus
1405 1671 1591 1735 incoepit
1626 1672 1675 1719 in

115 1747 283 1818 vobis,
312 1747 421 1797 iltud
455 1748 678 1812 perficere
706 1765 803 1798 non
826 1749 1021 1799 cessabit
1050 1766 1192 1814 usque
1215 1747 1274 1798 ad
1300 1749 1420 1801 diem
1443 1749 1677 1800 adventus

117 1818 311 1894 Domini
341 1823 612 1889 salvatori&

180 1916 244 1968 Et
267 1922 362 1982 jure
387 1920 572 1984 quidem
592 1923 754 1969 merito
779 1920 869 1970 hoc
893 1923 1041 1970 sentio
1064 1919 1123 1969 de
1143 1920 1277 1971 vobis
1300 1921 1513 1975 omnihus
1529 1957 1542 1980 ,
1569 1925 1673 1973 cum

115 2011 200 2044 vos
239 1995 288 2043 in
323 1995 459 2044 corde
493 1995 688 2044 habeam
729 1997 1055 2057 amicissimos,
1100 2003 1146 2044 et
1180 2002 1396 2059 praeterea
1422 2000 1525 2044 esim
1565 1999 1676 2046 socii

116 2072 213 2128 sit-is
235 2071 388 2135 gaudii
400 2073 523 2139 mei,
547 2079 595 2122 et
620 2074 669 2120 in
692 2072 883 2125 vinculis
906 2075 1020 2123 meis
1037 2109 1051 2130 ‚
1075 2074 1190 2122 etin
1212 2070 1481 2125 defensione
1499 2081 1543 2122 et
1560 2091 1678 2128 con-

117 2145 376 2210 firmatione
399 2143 639 2212 Evangelii
667 2162 677 2188 z
709 2155 753 2198 et
776 2149 836 2199 ob
860 2147 960 2206 haec
987 2149 1101 2208 dun,
1134 2148 1673 2213 perseverantiaedouum

116 2225 251 2273 vobis
274 2222 574 2274 vehementer
595 2231 785 2289 exopto.

179 2317 336 2381 Testis
361 2321 485 2369 enirn
508 2317 637 2368 Deus
654 2328 724 2370 est
747 2322 982 2386 quomodo
1001 2339 1086 2380 vos
1112 2339 1275 2374 ornnes
1298 2319 1546 2373 tenerrime
1566 2323 1675 2372 dili-

117 2414 219 2461 gam
234 2433 248 2459 ,
273 2399 320 2446 in
342 2399 450 2462 ipsis
472 2394 584 2446 Jesu
605 2394 773 2455 Christi
798 2401 1066 2452 visceribus-

180 2499 248 2567 Et
269 2501 366 2558 hoc,
381 2506 408 2553 ὲ
426 2500 531 2555 Deo
556 2502 763 2569 deposco.
785 2506 919 2556 vobis
937 2543 952 2566 ,
981 2507 1196 2556 nimirum
1211 2542 1224 2569 ,
1246 2513 1295 2555 ut
1318 2506 1508 2563 charitas
1529 2511 1675 2555 vestra

117 2586 262 2646 magis
282 2598 334 2630 ac
354 2586 494 2646 magis
521 2583 566 2629 in
591 2580 691 2631 dies
717 2591 919 2646 crescat,
948 2591 994 2634 et
1024 2589 1331 2648 supercrescat
1351 2584 1398 2630 in
1419 2580 1608 2631 scientia}
1631 2588 1678 2628 et

117 2660 168 2706 in
188 2661 313 2708 omni
331 2658 592 2722 prudenti&

179 2749 246 2803 Ut
261 2753 471 2816 dilucetis
495 2771 599 2820 quae
615 2754 802 2815 meliora
816 2765 922 2809 sunt
938 2764 982 2808 et
997 2755 1173 2807 utiliora
1189 2773 1202 2813 ·,
1220 2763 1269 2806 ut
1286 2758 1382 2812 sitis
1401 2756 1499 2822 puri
1517 2762 1563 2807 et
1575 2756 1678 2810 ‚sin-

119 2831 209 2879 ceri
229 2866 242 2891 ,
268 2831 367 2878 sine
388 2828 691 2894 ultazerrorum
713 2832 997 2884 admixtione
1012 2872 1025 2895 ,
1053 2843 1100 2884 et
1129 2841 1177 2884 ut
1195 2832 1422 2884 inoffenso
1441 2831 1557 2898 pede
1573 2846 1677 2895 per-

113 2910 226 2972 gatis
249 2916 293 2958 et
310 2911 612 2971 perseveretis.
628 2926 771 2974 usque
794 2914 841 2961 in
865 2911 987 2962 diem
1010 2909 1182 2963 Christi
1198 2910 1456 2976 gloriosam.
