1800 3158
162 95 297 167 394-
393 113 572 150 pamma
608 98 872 162 emsronffi.
905 118 978 154 An
1013 102 1523 165 'messnonicnuszs

385 260 693 268 ..-ᾔ-.-

634 377 910 435 ΟΑΡΟΤ
936 379 1302 438 PRIMUM.»

876 551 922 599 T
915 561 1066 602 extus.

187 747 234 778 ι.
252 682 503 790 Fuscus,
527 737 576 782 et
590 727 866 798 Sylvanu3‚
885 739 934 783 ct
950 728 1004 783 Τ
1006 728 1291 798 imotheuS,
1308 729 1557 788 Ecclesiae
1576 728 1751 787 Thes-

186 810 598 868 salonicensium
617 856 644 883 ‚-
692 814 749 869 in
803 816 934 872 Deo¹
983 819 1136 872 Patre
1157 859 1172 886 ‚
1236 828 1288 872 et
1335 815 1575 874 Domino
1621 817 1752 873 Jesu

197 896 431 955 Christo.
1328 908 1330 911 ”
1384 956 1387 958 .
1641 976 1645 977 ⁷

259 1011 307 1042 2.
337 987 530 1043 Gratia
555 987 701 1045 vobis
723 1000 774 1044 et
794 1010 910 1059 pax.
936 989 1154 1046 Gratias
1175 990 1378 1063 agimus
1403 992 1527 1048 Deo
1548 1009 1761 1060 semper

190 1095 290 1145 pro
315 1075 564 1131 omnibus
583 1077 749 1146 vobis,
770 1077 1087 1133 memoriam
1108 1079 1269 1134 vestri
1286 1077 1540 1135 facientes
1558 1078 1616 1133 in
1639 1097 1761 1135 ora-

191 1161 424 1220 tionibus
455 1164 647 1221 nostris
666 1208 679 1233 ,
708 1164 818 1222 sine
841 1165 1251 1243 intermissione,

262 1253 312 1308 3.
334 1252 607 1310 Memores
638 1253 811 1324 operis
838 1253 965 1309 fidei
987 1265 1171 1312 vestrae
1189 1297 1204 1323 ‚
1228 1266 1280 1310 et
1300 1253 1500 1310 laboris
1518 1295 1533 1322 ‚
1557 1264 1607 1309 et
1632 1241 1764 1310 cha-

194 1337 362 1396 ritatis
385 1382 397 1406 ,
423 1353 474 1397 et
497 1341 816 1400 sustinentiae
838 1341 952 1411 spei
972 1341 1194 1398 Domini
1209 1342 1377 1399 nostri
1395 1342 1524 1399 Jesu
1542 1339 1762 1411 Christi,

209 1439 332 1484 ante
357 1429 541 1486 Deum
564 1443 615 1486 et
637 1430 857 1486 Patrem
883 1441 1156 1486 nostrum:

267 1572 319 1634 4.
340 1567 579 1624 Scientes
598 1611 613 1638 ,
635 1570 824 1625 fratres
864 1567 1041 1624 dilecti
1072 1570 1101 1624 a
1122 1567 1247 1624 Deo
1263 1610 1279 1638 ‚
1311 1567 1626 1625 electionem
1646 1585 1769 1624 ves-

198 1663 341 1710 tram
365 1680 376 1709 ε

272 1747 322 1799 5.
343 1742 483 1811 Quia
515 1742 863 1813 Evangelium
907 1756 1149 1799 nostrum
1175 1762 1286 1797 non
1325 1743 1426 1797 fuit
1471 1744 1544 1798 ad
1579 1762 1675 1799 vos
1713 1742 1775 1796 in

203 1847 448 1885 sermone
496 1832 735 1897 tantum,
780 1828 873 1884 sed
909 1840 960 1884 et
1005 1828 1062 1882 in
1099 1826 1318 1895 virtute,
1375 1838 1427 1883 et
1464 1828 1522 1883 in
1568 1826 1776 1898 Spiritu

204 1927 412 1983 sancto,
448 1926 499 1971 et
543 1915 600 1970 in
627 1913 956 1985 plenitudine
996 1914 1190 1983 multa,
1232 1913 1367 1971 sicut
1407 1912 1551 1971 scitis
1589 1912 1775 1985 quales

205 2002 462 2060 fuerimus
485 2002 543 2058 in
572 2003 720 2060 vobis
757 2015 976 2075 propter
1002 2024 1111 2060 vos·

276 2229 325 2280 6.
346 2226 414 2280 Et
439 2246 535 2281 vos
557 2225 847 2281 imitatores
887 2224 1056 2278 nostri
1090 2221 1214 2277 sacti
1251 2219 1373 2276 estis
1394 2257 1409 2286 ,
1438 2229 1490 2273 et
1516 2217 1772 2285 Domini,

210 2313 545 2383 excipientes
566 2315 788 2369 verbum
813 2312 869 2367 in
890 2310 1230 2366 tribulatione
1255 2308 1422 2364 multa
1435 2328 1558 2363 cum
1583 2305 1776 2378 gaudio

215 2398 444 2468 Spiritus
464 2398 657 2455 sancti:

285 2576 331 2624 7.
354 2553 437 2607 Ita
464 2563 519 2606 ut
559 2548 684 2605 sacti
727 2547 840 2604 sitis
867 2547 1038 2603 forma
1076 2543 1325 2602 omnibus
1363 2537 1699 2597 credentibus
1721 2536 1781 2593 in

213 2638 539 2697 Macedonia
563 2649 614 2693 et
633 2637 690 2691 in
718 2634 940 2691 Achaia.

282 2813 331 2863 8.
370 2810 418 2863 A
466 2805 616 2862 vobis
660 2804 804 2861 enim
834 2802 1138 2858 diffamatus
1179 2811 1257 2856 est
1294 2814 1469 2854 sermo
1519 2791 1781 2860 Domini,

215 2915 326 2952 non
366 2895 542 2953 solum
584 2893 641 2948 in
690 2889 1014 2949 Macedonia
1054 2901 1104 2945 et
1142 2888 1198 2943 in
1224 2885 1462 2951 Achaia,
1510 2882 1604 2938 sed
1645 2891 1697 2936 et
1727 2878 1783 2935 in
