1806 3164
197 51 262 107 62
663 72 935 111 EPISTOLAE
973 75 1044 112 An
1079 76 1327 116 Epnustos
1781 45 1806 90 ’ζ

263 141 342 195 Ex
376 145 539 196 iisdem
565 143 630 209 fi.
661 147 740 208 ιζ,
781 142 863 210 15,
908 147 985 209 16,
1017 150 1141 204 disce
1167 152 1279 217 quid
1314 156 1373 205 sit
1397 151 1768 221 Ecclesiqznna

150 288 155 292 θ
192 221 374 278 domus,
412 223 536 283 cujus
563 219 911 274 fundamentum
938 234 983 275 et
1010 225 1119 291 lapis
1141 228 1360 292 angularis
1389 226 1598 287 Christus
1626 224 1778 309 ipses

195 302 270 366 qui
299 317 452 349 muros
475 308 519 350 et
548 303 741 365 parietes
757 338 770 363 ,
799 299 989 353 Judaeos
1013 313 1058 354 et
1082 302 1317 369 Gentiles,
1342 309 1452 360 olim
1481 311 1766 384 disjunctos,

193 376 417 427 destructa
450 378 643 427 maceria
668 381 715 428 in
740 383 987 447 semetipso
1005 419 1018 444 ‚
1049 377 1200 449 lapide
1243 386 1475 452 angulari,
1506 395 1766 460 conjunxit,

197 471 428 520 unamque
450 454 552 506 fecit
576 456 748 506 donum
768 494 781 518 ‚
813 456 885 521 Y.
918 459 995 520 14.
1563 510 1571 515 .

264 534 397 587 Unus
433 535 605 599 hom0‚
638 540 774 588 variis
799 541 1019 590 membris
1058 543 1332 607 instructus,
1366 549 1491 611 cujus
1525 561 1660 616 caput
1696 562 1767 605 est

204 609 435 677 Christus,
467 615 535 679 37.
571 617 652 666 15.
722 637 724 642 ¹

261 688 420 740 Unum
446 709 628 758 corpus,
659 692 879 743 distinctis
907 701 951 743 et
988 692 1259 748 distantibus
1298 701 1500 766 partibus
1526 707 1765 771 composi—

193 778 314 829 tum,
345 772 468 833 cujus
490 774 620 834 unio,
645 772 832 822 firmitas
854 781 898 822 et
921 774 1227 837 subsistentia,
1261 775 1487 841 ChristuS‚
1520 781 1587 844 Υ.
1618 783 1699 834 16.

258 844 391 895 Unus
424 846 617 913 populus
651 863 709 898 ex
738 851 874 898 variis
911 851 1122 914 gentibus
1144 888 1159 915 ‚
1194 854 1244 902 in
1279 850 1464 927 Christo
1495 871 1603 921 rege
1637 857 1763 908 adu-

192 934 343 977 natus.
1617 990 1621 991 ⁷

259 999 444 1064 Quanta
459 1002 672 1053 nobilitas
694 1001 879 1054 Christo
900 1008 1014 1070 regi,
1038 1008 1192 1072 capiti,
1212 1007 1350 1074 lapidi
1372 1011 1572 1078 angulari
1595 1020 1640 1064 et
1661 1013 1762 1065 sun·

191 1078 408 1128 damento
432 1079 615 1129 adunari
640 1083 651 1129 l
1599 1090 1606 1091 ’

255 1157 438 1222 Quanta
473 1160 612 1210 debet
647 1177 748 1210 esse
773 1163 891 1209 inter
921 1160 1135 1211 homines
1159 1165 1223 1212 sic
1250 1166 1400 1214 unitos
1422 1165 1696 1216 concordia!

255 1232 494 1298 Quantum
536 1239 726 1303 quisque
763 1232 904 1288 debet
937 1241 1035 1303 paci
1074 1246 1118 1287 et
1162 1239 1365 1292 charitati
1405 1240 1620 1293 fraternae
1654 1251 1757 1293 stu-

120 1316 124 1322 '
185 1312 296 1362 dere
319 1311 331 1360 l
541 1376 548 1383 ⁸
1210 1379 1213 1382 y
1307 1360 1310 1362 .

254 1386 414 1439 Unum
434 1407 588 1439 sumus
610 1406 770 1438 omnes
797 1408 810 1437 ι
838 1407 1000 1440 omnes
1024 1409 1133 1456 ergo
1158 1410 1245 1442 nos
1266 1395 1466 1444 invicem
1484 1395 1754 1462 diligamus;

183 1480 344 1514 omnes
361 1480 504 1512 unum
525 1465 667 1512 simus
693 1465 846 1513 animo
869 1473 915 1514 et
939 1467 1092 1516 corde.

248 1537 306 1596 fi.
334 1561 353 1591 1
366 1561 410 1609 7.
426 1543 488 1590 Et
509 1543 698 1590 veniens
715 1533 1103 1606 eoa‘ngelizaoit....
1117 1543 1367 1597 Probabile
1385 1556 1455 1597 est
1469 1548 1594 1614 qubd
1610 1545 1756 1615 Apo-

179 1622 321 1672 stolus
341 1621 503 1670 alludat
519 1621 577 1670 ad
591 1637 754 1670 vocem
768 1623 1134 1686 angeli,dicentis
1147 1626 1203 1673 ad
1218 1635 1420 1691 pastores
1437 1629 1589 1677 :Ecce
1603 1629 1756 1679 Evan-

173 1701 369 1763 gelizo...
402 1699 564 1747 Gloria
591 1699 639 1746 in
661 1700 860 1749 excelsis
888 1702 1003 1762 Dea,
1038 1711 1082 1749 et
1109 1705 1157 1751 in
1197 1712 1318 1752 terra
1339 1722 1444 1769 pax
1469 1706 1754 1758 hominibus.

186 1776 305 1828 Luc.
340 1775 388 1828 3.

235 1862 458 1914 Christus
496 1873 714 1930 praeterea
749 1880 915 1931 pacem*
948 1864 1178 1918 Gentibus
1217 1871 1534 1931 annuntiavit,
1564 1871 1754 1934 quando

174 1942 342 1995 Mauh.
367 1941 416 2004 8,
448 1943 659 2008 praedixit
683 1945 848 1994 multos
868 1946 924 1995 ab
949 1942 1144 1996 Oriente
1166 1954 1211 1995 et
1235 1943 1492 1996 Occidente
1507 1942 1748 2011 tenturos,

103 2072 105 2074 ,
175 2029 222 2071 et
246 2023 527 2069 recubituros
547 2037 650 2068 cum
673 2015 928 2082 Abraham,
958 2019 1101 2084 Isaac,
1122 2030 1230 2082 etc.;
1258 2023 1441 2090 qnando
1466 2020 1634 2073 Matth.
1658 2023 1750 2088 24,

174 2098 387 2165 praedixit
410 2094 712 2161 Evangelium
733 2101 859 2147 omni
879 2099 979 2147 orbi
1002 2100 1343 2164 praedicandum
1364 2118 1375 2157 ;
1400 2099 1582 2164 quando
1605 2097 1746 2151 Joan.

178 2192 259 2235 12,
289 2173 428 2224 dixit:
458 2174 631 2221 Omnia
675 2174 862 2222 traham
885 2175 952 2222 ad
978 2178 1200 2239 meipsum
1218 2190 1241 2231 ;
1263 2174 1445 2240 quando
1465 2175 1587 2223 misit
1609 2174 1748 2224 disci-

170 2256 303 2321 pulos
323 2293 337 2318 ‚
370 2256 638 2318 praecipiens
684 2261 731 2303 ut
758 2248 975 2304 docerent
1000 2271 1162 2305 omnes
1188 2263 1361 2318 gentes.
1390 2251 1556 2304 Matth.
1595 2252 1753 2308 Marc.

173 2341 218 2382 et
240 2331 355 2381 Luc.
384 2349 423 2381 c.
446 2331 625 2380 ultimo.

242 2406 447 2459 Christus
467 2411 617 2475 itaque
646 2425 805 2474 pacem
831 2406 1008 2458 Judaeis
1046 2427 1127 2472 per
1173 2411 1375 2476 seipsum
1419 2412 1704 2462 annuntiavit
1726 2431 1739 2471 ς

173 2482 431 2535 Gentilibus
453 2493 602 2533 autem
624 2501 702 2550 per
722 2501 827 2533 suos
856 2481 1123 2550 Apostolos.

238 2555 295 2614 fi.
323 2559 395 2609 18.
428 2560 665 2626 Quoniam
678 2561 926 2625 peripsum
950 2563 1176 2610 habemus
1195 2578 1488 2610 accessum...

236 2644 428 2699 Fructus
456 2645 782 2698 Incarnationis
820 2655 887 2697 est
911 2649 968 2698 ad
990 2646 1143 2699 Deum
1171 2649 1306 2697 nobis
1332 2645 1513 2699 aditum.
1531 2645 1668 2714 dare,
1690 2658 1746 2700 ut

164 2726 288 2779 illurn
313 2727 451 2792 digne
475 2725 742 2784 adoremus,
769 2742 974 2787 oremus,
998 2726 1149 2790 illique
1174 2725 1309 2788 digne
1337 2724 1606 2775 serviamus.
1649 2722 1653 2728 ⁴

234 2801 351 2854 Haec
398 2808 558 2869 igitur,
606 2799 788 2852 Christo
835 2806 965 2868 capiti
1001 2812 1157 2853 nostro
1205 2804 1346 2862 uniti,
1369 2800 1612 2862 faciamu33
1654 2821 1742 2870 per

165 2874 332 2939 ipsum,
354 2890 458 2924 curn
480 2875 597 2939 ip30,
623 2874 730 2921 etin
755 2875 856 2937 ipso
881 2872 1149 2937 adoremuS,
1168 2887 1389 2933 amemus,
1416 2887 1617 2934 oremus,
1639 2871 1731 2922 cla·
