1800 3158
161 22 266 93 278
434 68 436 70 .
568 37 838 77 ems‘rome
873 41 942 77 An
974 22 1336 97 ruthenenses

233 112 458 161 Oratione
483 121 530 160 et
551 113 885 174 obsecrabam,
913 113 961 165 id
985 121 1072 176 est,
1118 116 1202 180 per
1225 102 1448 178 attentam
1466 123 1727 188 orationem

160 197 206 238 et
242 191 484 239 instantem
522 190 919 249 obsecrationem,
962 193 1162 254 junctam
1199 198 1305 243 ciem
1334 196 1606 260 gratiarum
1626 220 1726 259 ac-

158 269 282 315 tione
327 274 375 315 et
406 266 535 316 laude
570 264 657 316 Dei
695 264 869 319 Deum
890 268 1046 329 adite,
1104 276 1346 336 vestraque
1396 272 1458 322 itti
1499 266 1725 329 desideria

159 346 378 410 exponite
400 353 444 395 et
473 361 612 411 opem
637 347 776 410 ipsius
801 347 1053 412 implorate.

589 517 1020 554 OBSERVA'I'IONES
1056 518 1198 555 MORA
1206 520 1312 556 LES.

160 724 162 726 ,
203 711 206 714 .
227 668 352 721 Nota
372 678 463 720 tres
480 672 619 720 bonae
634 671 849 719 orationis
872 669 1175 721 conditione&

226 746 470 798 Orandum
501 766 603 798 cum
626 748 791 797 fiducia
813 785 826 805 ‚
853 766 957 797 cum
977 747 1188 798 instantia
1206 786 1219 809 ‚
1243 767 1347 799 cum
1365 749 1655 814 gratitudine.

225 823 344 875 Cum
359 825 522 875 fiducia
545 825 798 892 accipiendi
816 861 832 887 ‚
854 842 956 873 curn
979 825 1251 890 gratitudine
1276 834 1564 891 acceptorum
1579 864 1594 887 ,
1614 843 1720 876 cum

157 904 368 954 instantia
394 913 441 953 et
475 906 792 954 obsecratione
829 921 907 969 per
941 901 1106 954 Jesum
1146 899 1383 954 Christum
1418 905 1721 956 mediatorem

152 991 378 1032 nostrum.

219 1071 310 1123 Dei
334 1073 907 1136 bonitas‚·omnipotentia‚
932 1070 1257 1134 misericordia,
1283 1070 1497 1122 fiduciam
1511 1071 1715 1130 dabunt;

149 1161 333 1218 accepta
363 1156 388 1202 a
415 1150 522 1202 Deo
553 1153 673 1200 bona
691 1187 704 1209 ‚
738 1150 1087 1213 gratitudinem3
1114 1150 1289 1198 infinita
1318 1146 1489 1199 Christi
1520 1153 1711 1208 merita,

150 1231 420 1281 obsecrandi
443 1239 486 1279 et
507 1233 730 1279 instanter
753 1229 939 1294 petendi
965 1229 1239 1277 libertatern.

218 1315 343 1368 Nota
363 1317 441 1367 hic
465 1325 511 1366 et
545 1319 705 1366 merito
734 1314 803 1364 D.
844 1304 1211 1380 Chrysostomus
1233 1313 1355 1378 quod
1383 1313 1442 1363 de
1467 1314 1710 1374 omnibu8‚

149 1400 286 1448 etiam
314 1397 372 1446 de
407 1397 608 1446 molestis
628 1432 641 1458 ‚
670 1397 827 1460 gratiae
853 1398 942 1444 sint
977 1394 1235 1452 habendae;
1261 1394 1398 1459 idque
1421 1401 1491 1444 est
1510 1392 1712 1444 bonfinis

147 1482 256 1526 vere
279 1464 418 1541 grati,
449 1479 494 1525 in
520 1471 681 1525 Deum
707 1477 828 1524 bene
853 1474 1004 1525 affecti
1035 1484 1081 1524 et
1119 1476 1176 1524 ab
1207 1492 1265 1524 eo
1290 1477 1470 1540 penitus
1497 1473 1712 1540 penden-

145 1557 201 1615 tis
217 1593 229 1613 ‚
252 1558 468 1619 certoque
500 1556 700 1619 persuasi
731 1554 850 1619 quod
880 1557 1031 1602 omnia
1054 1553 1109 1603 ad
1132 1554 1368 1604 utilitatem*
1394 1561 1595 1603 nostram
1619 1553 1712 1604 ad-

147 1633 391 1692 ministret,
418 1633 501 1678 etsi
519 1647 616 1677 non
646 1632 964 1691 percipiamus,

215 1707 316 1758 Has
336 1726 494 1773 preces
510 1725 610 1758 cun·
631 1707 789 1756 talibus
808 1710 944 1771 gratia
953 1725 1048 1756 rum
1063 1709 1316 1758 actionibus
1334 1706 1461 1758 Deus
1475 1707 1708 1774 agnoscit}

144 1789 250 1840 alias
277 1807 335 1838 ne
357 1807 497 1838 nosse
521 1788 706 1854 quidem
727 1786 821 1835 vult
845 1823 856 1846 ,
879 1788 936 1834 ait
964 1786 1022 1835 D.
1039 1779 1278 1851 Chrysost.

211 1866 268 1925 Ῠ.
295 1892 340 1941 7.
366 1874 425 1922 Et
446 1892 550 1936 pax
574 1873 685 1934 Dei,
711 1889 813 1937 qua:
836 1880 1084 1933 estsuper-at
1107 1889 1290 1919 omnem
1310 1882 1519 1930 sensum,
1539 1869 1587 1920 id
1607 1881 1701 1933 est,

145 1968 248 2016 quae
277 1952 418 2013 major
441 1959 507 1999 est
531 1954 665 2015 quain
686 1958 735 1997 ut¹
759 1952 897 2014 possit
921 1948 1103 2012 intelligi
1129 1955 1292 2012 quanta
1313 1947 1547 2012 qualisque
1562 1950 1638 1998 sit.

213 2027 474 2083 Czcslode'ut‚
495 2024 540 2074 id
558 2033 647 2087 est,
666 2027 803 2073 instar
830 2025 1046 2074 custodiae
1070 2023 1271 2073 militaris
1294 2031 1470 2074 tueatur
1486 2023 1707 2074 volunta·-

144 2115 235 2157 tem
266 2115 311 2156 et
344 2104 651 2164 intellectum,
685 2103 731 2152 id
762 2112 855 2163 est,
889 2112 1029 2152 totam
1057 2106 1254 2152 animam
1283 2113 1509 2162 vestram,
1547 2110 1703 2152 contra

143 2195 292 2235 metus
322 2192 368 2232 ct
404 2184 687 2232 anxietates:
721 2199 780 2230 ne
815 2198 895 2244 per
930 2182 1215 2240 alterutrum,
1244 2189 1319 2230 aut
1348 2188 1701 2245 per‘utmmque

140 2265 338 2329 peccetis
353 2298 365 2319 ‚
388 2262 540 2326 sicque
561 2263 585 2307 a
609 2260 747 2323 gratia
770 2258 1002 2308 decidatis.

211 2335 292 2388 Gr·
324 2346 368 2388 et
389 2333 495 2402 Syr.
517 2334 687 2382 habent
702 2374 714 2395 ‚
741 2335 976 2382 custodiet.

208 2417 264 2477 fi.
291 2424 337 2474 8.
365 2424 430 2470 De
450 2430 614 2470 coetero
626 2455 642 2479 ‚
656 2417 842 2482 fivlres
853 2455 869 2477 ,
899 2435 1196 2482 quaecumque
1214 2425 1322 2464 sunt
1338 2430 1502 2467 vera...
1523 2432 1700 2484 prope-

139 2509 205 2551 rat
229 2500 284 2548 ad
314 2500 482 2559 finem,
506 2506 550 2547 et
572 2499 722 2562 paucis
744 2499 895 2545 onmia
918 2494 1284 2560 comprehendit.

209 2587 524 2653 Quaecumque
554 2596 662 2633 sime
693 2603 803 2634 vcra
820 2620 836 2643 ,
862 2585 908 2633 id
945 2593 1031 2645 est,
1066 2587 1242 2632 sincera
1259 2620 1271 2644 ‚
1290 2585 1315 2631 a
1335 2579 1575 2631 mendacio
1610 2597 1696 2632 re·-

136 2676 275 2716 mota.

210 2749 522 2813 Quascumque
541 2748 733 2812 pudico,
760 2749 925 2812 gravia,
948 2746 1162 2808 honesta,
1184 2743 1457 2795 verecunda.

204 2819 259 2878 ln
302 2829 481 2894 primo,
522 2825 866 2877 'commendatur
898 2826 1148 2877 verborum
1183 2824 1415 2875 sinceritas
1453 2831 1695 2890 rerumque
1777 2830 1794 2844 “’
