1800 3158
183 117 284 180 3‘30
585 145 855 184 Emsromn
889 148 963 186 Δι)
996 103 1338 190 cotosszussrs
1383 115 1388 130 ι

587 412 858 470 CAPUT
893 389 1377 477 summum

874 578 1065 639 T‘eiztus.

183 790 230 823 1.
249 726 433 822 Vono
449 765 592 822 enim
610 787 702 822 vos
718 765 850 822 scire
863 765 1073 836 qualem
1089 765 1503 824 sollicitudinem
1519 767 1746 826 habeam

176 850 453 921 provehis
470 863 521 908 et
543 873 640 922 pro
662 851 725 909 iis
745 852 839 923 qui
867 844 1312 922 suntandiciae,
1351 854 1761 927 et'qu'icumquer

108 1017 113 1018 V
179 960 293 997 non
321 940 565 997 viderunt
586 940 778 997 faciem
805 961 980 998 meam
1004 941 1061 997 in
1085 963 1274 1009 carne;

250 1100 300 1155 ᾳ.
321 1074 401 1129 Ut
425 1073 766 1131 consolentur
792 1075 954 1131 corda
975 1074 1210 1144 ipsorum
1228 1118 1242 1146 ,
1275 1075 1514 1132 instructi
1532 1076 1590 1133 in
1608 1076 1744 1134 cha-

177 1163 334 1221 ritate
355 1163 485 1219 etin
508 1184 693 1219 omnes
724 1163 930 1219 divitias
959 1162 1305 1231 plenitudinis
1338 1163 1664 1235 intellectus,
1685 1164 1742 1220 in

176 1252 502 1325 agnitionem
525 1250 758 1323 mysterii
780 1252 885 1308 Dei
914 1252 1096 1309 Patris
1118 1266 1168 1309 et
1194 1251 1397 1309 Christi
1417 1252 1548 1309 Jesu
1573 1277 1585 1307 ι

239 1554 290 1606 3.
312 1549 379 1605 In
403 1571 509 1620 quo
531 1563 654 1608 sunt
675 1572 860 1609 omnes
882 1551 1114 1609 thesauri
1137 1550 1408 1622 sapientiae
1435 1561 1487 1608 et
1507 1548 1740 1609 scientiae

171 1636 486 1694 absconditi.
1795 1631 1799 1639 ¹

238 1753 287 1815 4.
309 1747 434 1803 Hoc
457 1759 635 1802 autem
662 1746 810 1816 dico,
838 1758 896 1802 ut
918 1768 1079 1804 nemo
1101 1769 1200 1804 vos
1226 1745 1458 1817 decipiat
1476 1747 1533 1802 in
1561 1747 1737 1804 subli-

167 1834 352 1891 mitate
374 1854 702 1890 sermonum.

234 2067 282 2121 5.
304 2064 445 2120 Nam
463 2107 477 2132 ‚
521 2062 618 2119 etsi
659 2082 882 2132 corpore
907 2062 1096 2118 absens
1124 2082 1241 2117 sum
1264 2104 1276 2127 ‚
1302 2061 1396 2118 sed
1417 2059 1607 2132 spiritu
1629 2079 1733 2116 vo·-

158 2150 370 2210 biscum
395 2173 513 2207 sum
532 2194 547 2220 ‚
588 2151 821 2224 gaudens
859 2161 910 2205 et
935 2149 1116 2204 videns
1142 2148 1384 2204 ordinem
1420 2157 1651 2203 vestrum
1683 2157 1735 2203 et

157 2242 556 2299 firmamentum
579 2240 692 2308 ejus
718 2260 833 2308 quae
853 2237 910 2292 in
937 2236 1150 2293 Christo
1184 2246 1262 2291 est
1288 2233 1415 2290 fidei
1439 2245 1643 2292 vestrae.

229 2394 280 2447 6.
317 2389 467 2446 Sicut
494 2408 619 2459 ergo
653 2383 928 2455 accepistis
969 2387 1155 2441 Jesum
1202 2382 1482 2440 Christum
1532 2375 1733 2440 Domi-

158 2498 290 2535 num
306 2522 319 2547 ‚
343 2478 399 2534 in
424 2478 539 2547 ipso
563 2474 830 2532 ambulate
851 2516 866 2541 ‚

244 2608 291 2657 7.
313 2583 553 2641 Radicati
593 2595 641 2638 et
665 2579 1071 2650 superaedificati
1098 2579 1156 2634 in
1177 2577 1295 2649 ipso
1314 2621 1329 2646 ,
1352 2588 1404 2633 et
1424 2573 1731 2632 confirmati

163 2675 270 2731 fide
286 2716 299 2739 ,
326 2672 458 2729 sicut
484 2684 535 2727 ct
559 2668 815 2727 didicistis
835 2711 850 2738 ‚
871 2667 1202 2725 abundantes
1224 2666 1281 2722 in
1302 2665 1424 2735 isso,
1450 2664 1509 2720 in
1531 2663 1730 2739 gratia-

156 2781 279 2818 rum
304 2757 529 2815 actione.
1783 2824 1785 2827 v

220 2863 271 2918 8.
295 2858 492 2916 Videte
517 2877 585 2913 ne
608 2855 726 2927 quis
747 2876 842 2913 vos
875 2853 1106 2923 decipiat
1135 2874 1230 2922 per
1257 2848 1652 2923 philosophiam
1676 2863 1731 2908 et

144 2949 373 3005 inanem
386 2943 656 3002 fallaciam
694 2968 706 2999 ε
729 2941 1023 3000 secundum
1050 2938 1390 2997 traditionem
1408 2935 1690 2997 hominum
1707 2962 1726 2992 ν
1768 2971 1800 2987 ψ
