1800 3158
130 86 232 149 460
353 102 528 139 rmMAE
564 103 834 156 spissi-omn
868 105 941 164 Ap
975 105 1484 150 Tnssssanomcmssss

546 397 818 455 CAPUT
891 399 1284 467 QUINTUM.

825 555 1016 606 Texlus.

127 773 171 805 1.
194 708 302 803 DE
327 746 655 818 temporibus
691 757 869 802 autem
896 756 948 800 et
980 744 1290 817 momentis,
1325 746 1540 819 fratres,'
1577 770 1689 808 non

113 834 359 908 indigetis
382 847 438 890 ut
463 835 754 892 scribamus
778 832 944 891 vobis.

183 1012 233 1042 2.
259 987 371 1056 Ipsi
396 985 539 1042 enim
563 985 843 1057 diligenter
865 983 1008 1040 scitis
1034 985 1159 1054 quia
1187 984 1300 1043 dies
1322 985 1587 1055 Domini,
1609 987 1689 1046 si-

114 1088 203 1132 cut
218 1076 311 1131 fur
331 1076 561 1144 infnocte
578 1116 592 1141 ‚
619 1073 692 1128 ita
715 1071 904 1128 veniet.

181 1170 227 1220 3.
244 1164 397 1220 Cum
414 1164 558 1219 enim
579 1161 822 1227 dixerint,
844 1161 958 1216 Pax
982 1173 1033 1216 et
1053 1161 1468 1228 securitas‚tunc
1486 1163 1684 1232 repen-

109 1253 253 1309 tinus
281 1252 356 1308 eis
392 1248 728 1321 superveniet
769 1249 1046 1317 interitus,
1084 1246 1218 1304 sicut
1248 1247 1403 1304 dolor
1434 1248 1494 1302 in
1531 1259 1684 1305 utero

12 1349 22 1357 '
105 1339 358 1408 habenti,
387 1351 438 1395 et
464 1360 573 1395 non
601 1336 873 1408 effugient.

172 1489 221 1550 4.
242 1483 348 1536 Vos
372 1491 549 1535 autem
569 1520 582 1544 ‚
609 1477 796 1532 fratres
813 1520 826 1545 ‚
851 1496 962 1531 non
983 1473 1102 1530 estis
1126 1472 1182 1529 in
1218 1472 1448 1530 tenebris
1466 1515 1479 1540 ‚
1498 1484 1556 1528 ut
1584 1492 1679 1529 vos

119 1569 229 1631 dies
251 1569 344 1625 illa
365 1581 619 1636 tanquam
642 1566 727 1621 fur
752 1563 1207 1633 comprehendat:

172 1665 221 1716 5.
242 1662 442 1714 Omnes
472 1654 616 1711 enim
640 1674 733 1708 vos
758 1651 856 1707 filii
881 1650 1013 1706 lucis
1042 1651 1167 1707 estis
1198 1662 1250 1705 et
1270 1649 1367 1706 filii
1396 1648 1499 1706 diei
1527 1673 1539 1704 :
1562 1669 1676 1705 non

101 1769 286 1807 sumus
310 1743 482 1801 noctis
501 1785 515 1811 ‚
547 1761 718 1811 neque
745 1737 1109 1798 tenebrarum.

166 1921 216 1972 6.
243 1911 430 1985 {Igitur
472 1927 582 1963 nou
624 1904 949 1961 dormiamus
978 1900 1112 1959 sicut
1137 1913 1183 1955 et
1205 1899 1399 1966 caeteri,
1424 1899 1517 1956 sed
1539 1899 1679 1972 vigi-

96 2023 273 2079 lemus
302 2011 353 2055 et
374 1994 537 2054 sobrii
561 1992 744 2050 simus·
1020 2001 1022 2003 ’

168 2137 215 2183 7.
257 2106 373 2182 Qui
412 2102 558 2160 enim
601 2097 1091 2165 dormiunt‚noete
1133 2094 1408 2152 dormiunt
1429 2092 1445 2162 3*
1490 2107 1544 2151 et
1585 2095 1679 2165 qui

104 2201 236 2259 ebrii
258 2207 409 2261 sunt,
442 2203 598 2248 nocte
631 2188 761 2244 ebrii
784 2198 924 2245 sunt.

169 2316 220 2366 8.
241 2310 353 2363 Nos
376 2312 553 2360 autem
575 2297 665 2368 qui
691 2296 795 2351 diei
833 2315 1045 2361 summ,
1086 2292 1246 2348 sobrii
1271 2291 1437 2348 simus
1455 2334 1470 2359 .,
1498 2290 1676 2347 induti

104 2398 326 2456 loricam
355 2390 482 2448 fidei
500 2432 514 2457 ‚
540 2399 588 2443 et
607 2383 871 2441 charitatis
889 2426 903 2450 ‚
926 2394 977 2437 et
1001 2381 1202 2452 galeam
1232 2401 1382 2450 spem
1406 2379 1606 2437 salutis.
1732 2381 1735 2386 ’

172 2593 220 2641 9.
247 2561 517 2633 Quoniam
539 2577 648 2612 non
677 2552 851 2624 posuit
890 2572 989 2606 nos
1012 2552 1162 2606 Deus
1197 2549 1255 2604 in
1291 2549 1452 2614 iram,
1486 2546 1579 2604 sed
1614 2545 1672 2601 in

103 2650 513 2725 acquisitionem
563 2643 743 2702 salutis
795 2662 886 2710 per
934 2639 1237 2695 Dominum
1293 2648 1538 2693 nostrum
1572 2635 1673 2692 Je-
1746 2666 1749 2669 ⁴

103 2765 222 2804 sum
261 2737 535 2794 Christum
555 2776 570 2802 ‚

174 2855 251 2886 10.
280 2824 394 2900 Qui
431 2833 673 2878 mortuus
709 2830 786 2875 est
809 2837 904 2887 pro
929 2816 1113 2884 nobi5‚
1140 2827 1198 2871 ut
1222 2814 1331 2872 sive
1365 2812 1669 2888 vigilemuS‚

102 2921 213 2979 sive
239 2914 562 2974 dormiamus
581 2953 595 2982 ,
623 2909 780 2968 simul
806 2927 927 2964 cum
944 2905 1037 2963 illo
1059 2904 1313 2964 vivamus·
