1800 3158
449 94 666 134 ·rmpusx
700 85 990 131 Expostno.
1028 78 1148 144 Cap.
1197 79 1303 131 111.
1562 80 1667 133 253

0 325 5 332 .
0 0 46 263 &Fam

40 240 43 242 ⁴
35 95 51 101 ρ
39 40 44 44 .
42 15 46 19 .

513 241 945 280 OBSERVATIONES
997 240 1259 279 MORALES.

171 393 299 451 Nota
319 401 468 464 itaque
497 396 620 465 quod
642 396 764 446 bona
799 402 979 445 terrena
1007 400 1112 443 sunt
1136 394 1340 456 damna,
1374 397 1478 462 quia
1496 405 1668 448 nocent

103 474 390 542 pierumque.

168 550 287 605 Sunt
303 561 532 611 stercora,
561 550 664 616 quia
688 547 852 598 soetent
877 555 922 597 et
946 546 1290 598 commaculant.

173 630 449 696 Quisquzlt'oe
477 634 613 685 sunt,
639 628 742 691 quia
759 624 932 675 inutilia
952 632 998 674 et
1021 625 1189 675 inania.

167 705 300 758 Solus
325 703 529 757 Christus
551 703 722 754 lucrum
749 711 850 766 est,
873 701 951 752 h1c
973 719 1052 766 per
1075 701 1217 752 fidem
1241 710 1285 752 et
1305 699 1493 768 gratiam
1520 706 1667 802 possi-

101 781 309 843 dendus,
338 779 577 846 aliquando
599 796 681 844 per
703 779 907 843 gloriam.

169 857 244 910 Da
269 858 410 921 mihi,
434 854 462 906 ὂ
487 858 744 906 misericors
767 853 919 904 Deus!
951 853 1104 904 oculos
1127 855 1263 912 fidei;
1292 853 1419 914 illos,
1450 856 1662 921 inquam,

102 934 256 986 oculos
277 950 394 998 quos
421 928 650 996 Apostolo
676 939 752 980 tuo
775 930 970 992 dedisti,
1000 932 1105 979 cum
1129 932 1283 980 omnia
1308 938 1488 980 terrena
1509 935 1667 997 respi-

102 1013 250 1062 ciebat
270 1018 319 1060 ut
340 1008 535 1068 inutilia,
563 1008 818 1067 utdamna‚
852 1015 900 1056 ut
926 1015 1141 1056 stercora.

169 1087 476 1141 contemnam
504 1087 574 1137 ilia
618 1095 666 1136 ut
694 1086 892 1148 inutilia,
938 1103 1078 1136 vacua
1121 1095 1169 1136 et
1208 1088 1357 1136 inania
1380 1104 1391 1134 :
1418 1084 1668 1152 quisquiiiae

101 1176 227 1220 sunh

168 1243 362 1309 Fugiain
383 1243 454 1293 iila
476 1251 526 1292 ut
545 1243 708 1292 damna
725 1280 738 1303 ‚
768 1250 817 1291 ut
842 1242 1115 1292 detrimenta
1139 1260 1151 1290 :
1173 1248 1342 1290 nocent
1363 1239 1648 1306 pierumque.

171 1319 402 1371 Horream
419 1320 487 1368 iila
507 1328 556 1369 ut
574 1328 772 1369 stercora
795 1338 806 1367 :
828 1317 989 1368 foetent
1011 1321 1134 1368 enim
1153 1326 1196 1368 et
1215 1324 1533 1383 conspurcant.

168 1393 349 1446 Eadem
375 1395 491 1444 fides
524 1411 622 1460 quae
656 1394 854 1443 ostendit
881 1395 1034 1443 omnia
1073 1401 1249 1442 terrena
1277 1391 1390 1441 nihil
1427 1410 1559 1456 esse,
1593 1394 1669 1445 dat

97 1476 378 1526 eminentem
405 1475 638 1522 scientiam
660 1468 770 1520 Jesu
791 1467 960 1519 Christi
985 1488 995 1517 :
1019 1479 1069 1517 ut
1092 1487 1368 1532 cognoscam
1393 1470 1601 1521 illum....

165 1547 333 1601 Fusius
357 1549 465 1599 vide
485 1548 604 1614 apud
631 1545 693 1598 D.
720 1545 1100 1614 Chrysostomum
1116 1582 1131 1609 ‚
1157 1544 1286 1595 hom.
1321 1562 1398 1605 10,
1427 1546 1474 1594 in
1497 1563 1596 1612 cap.
1620 1543 1670 1598 3.

70 1646 87 1656 r
103 1629 238 1693 epist.
259 1624 317 1674 ad
334 1621 537 1689 Philipp.
559 1623 715 1674 mor'ai.
740 1640 844 1688 pag.
870 1639 954 1689 99,
991 1639 1103 1670 100.

174 1703 334 1756 Primo
350 1741 364 1767 ‚
407 1704 528 1769 quod
551 1706 673 1753 bona
698 1711 875 1753 terrena
899 1705 1008 1752 vere
1038 1701 1202 1751 damna
1225 1708 1362 1765 sunt,
1402 1718 1498 1752 non
1520 1698 1664 1764 lucra}

105 1786 208 1849 quia
230 1783 431 1832 laborem
453 1782 645 1831 multum
663 1780 835 1831 habent
849 1818 863 1842 ‚
886 1780 1065 1829 lucrum
1085 1782 1198 1827 vero
1217 1778 1406 1828 nullum.

172 1858 388 1910 Secundo
406 1894 420 1919 ‚
448 1859 573 1922 quod
587 1866 794 1907 amentes
813 1856 979 1907 faciunt
1001 1875 1011 1903 :
1036 1857 1248 1904 mulieres
1270 1862 1316 1904 et
1339 1871 1482 1920 equos
1501 1857 1668 1908 eodem

103 1937 282 1986 honore
305 1936 544 2000 dignantur
579 1955 592 1984 ε
632 1951 747 1983 unus
782 1918 850 1982 esst
891 1941 1185 1996 utrorumque
1220 1941 1429 1996 ornatus,
1459 1951 1568 1996 seu,
1608 1926 1668 1986 ex

104 2015 269 2064 iisdem
283 2014 418 2064 rebus
443 2012 655 2062 mulieres
676 2011 832 2061 volunt
848 2009 1179 2076 splendidiores
1194 2027 1408 2074 apparere
1431 2028 1490 2061 ex
1506 2014 1670 2079 quibus

108 2099 155 2143 et
176 2089 382 2141 vehicula
407 2097 452 2139 et
480 2089 622 2154 pelies
643 2090 940 2149 cortinarum,
974 2089 1021 2137 in
1047 2087 1207 2153 quibus
1226 2087 1469 2140 vehuntur.

176 2164 362 2225 Tertio,
391 2166 512 2230 quod
533 2183 865 2232 supervacanea
893 2174 937 2215 et
973 2165 1143 2214 inutilia
1172 2173 1275 2214 sunt
1304 2183 1315 2212 ε
1347 2182 1443 2215 non
1469 2168 1495 2214 ὲ
1520 2175 1668 2217 morte

111 2245 332 2307 liberant,
375 2261 471 2294 non
513 2245 725 2294 morbum
764 2243 1052 2308 propulsant,
1088 2258 1182 2291 non
1210 2241 1456 2307 prohibent
1499 2260 1670 2294 senes-

70 2376 72 2378 ,
114 2338 235 2371 cere.

181 2397 323 2450 Disce
344 2415 402 2447 ex
424 2398 591 2448 eodem
611 2407 735 2464 patre
752 2399 874 2465 quod
896 2399 1046 2448 omnia
1066 2405 1217 2447 tamen
1237 2405 1382 2447 creata
1396 2399 1518 2446 bona
1531 2399 1668 2447 nobis

115 2485 244 2528 erunt
265 2477 383 2527 lucra
411 2483 457 2525 et
471 2493 566 2525 non
600 2475 784 2539 damna,
800 2480 902 2527 siin
918 2475 1007 2527 Dei
1021 2484 1342 2527 convertantur
1362 2475 1634 2538 obsequium
1652 2498 1666 2526 ;

114 2556 239 2607 hunc
259 2558 433 2607 bonum
454 2572 587 2604 usum
608 2562 652 2604 te
674 2555 858 2606 docebit
878 2557 1041 2606 eadem
1063 2554 1268 2605 homilia.

181 2631 315 2686 Fecit
340 2635 421 2683 tibi
443 2632 622 2683 oculum
638 2668 650 2690 ,
673 2631 796 2682 hunc
819 2636 905 2698 ipsi
926 2640 1108 2699 praesta,
1134 2647 1274 2695 opera
1295 2631 1434 2695 ipsius
1456 2629 1668 2681 conside·

111 2727 214 2760 rans
243 2714 482 2776 ipsumque
525 2709 806 2774 glorificans,
834 2720 951 2771 etc.;
983 2710 1089 2760 fecit
1123 2710 1206 2759 tibi
1241 2726 1425 2771 manus,
1468 2707 1594 2759 dedit
1619 2717 1667 2759 et
1739 2764 1746 2774 ι

114 2790 352 2855 pecuniaS‚
383 2795 470 2837 etc.

185 2869 264 2924 Ab
287 2871 453 2924 eodem
475 2872 665 2923 mirabili
686 2881 809 2938 patre
834 2873 956 2925 disce
978 2874 1100 2940 quod
1122 2890 1211 2924 nec
1229 2872 1425 2935 divitiae,
1453 2887 1541 2920 nec
1556 2887 1668 2936 pau-
