1806 3164
437 83 660 122 'raram
698 82 985 119 exrosrrro.
1025 65 1144 135 Cap.
1180 64 1288 118 III.
1581 64 1646 119 81

3 222 14 228 Η
78 166 281 223 nostrae,
299 166 345 211 et
367 159 624 214 vocationis
668 152 923 218 Gentium,
951 171 1175 207 areanum
1200 156 1436 223 hucusque
1456 155 1543 206 sibi
1568 138 1653 206 soli

0 227 33 298 ᾗ
78 244 262 287 notum.

14 361 21 374 2
155 314 255 381 Qui
271 315 443 364 creavit
459 313 638 362 omm'a.
654 307 847 362 Graecus
865 319 1017 362 textus
1035 312 1185 375 addit,
1207 316 1287 378 qui
1305 317 1474 364 creavit
1488 314 1649 364 omnia

0 386 25 412 ‘
75 409 164 458 per
175 391 340 442 Jesum
357 391 596 442 Christum
620 408 635 438 .·
650 397 696 439 et
711 392 771 439 ita
784 389 892 453 legit
910 387 971 440 D.
990 387 1349 455 Chrysostomus
1366 401 1411 442 et
1424 390 1649 442 Theodo-

86 475 229 518 retus.

149 541 200 595 Si
232 540 450 592 referatur
470 539 555 598 ad,
586 541 754 589 creavit
772 576 786 601 ‚
812 541 996 604 intelligi
1021 540 1160 590 debet
1193 540 1251 590 de
1276 538 1389 590 Jesu
1427 539 1614 593 Christo
1634 579 1649 606 ‚

88 632 140 674 ut
164 622 276 674 Deo
299 631 347 673 et
371 619 463 672 Dei
483 618 604 670 Filio
626 638 639 668 :
660 617 916 684 juxta'2illud
940 620 1080 671 Joan.
1115 639 1158 672 1.
1190 621 1367 670 Omnia
1388 641 1474 686 per
1498 625 1651 688 ipsum

260 708 361 750 unt.

66 699 219 827 fingi,
235 719 453 824 {eseratur
477 772 560 833 ad,
601 790 704 837 quae
740 776 803 822 sit
839 766 1184 836 dzlspensa'ttb....
1210 773 1397 838 intelligi
1426 774 1567 825 debet
1593 774 1652 827 de

83 855 249 905 merito
271 855 493 918 passionis
515 850 632 901 Jesu
659 849 855 913 Christi,
881 847 981 901 Dei
1002 849 1239 902 Hominis.

153 927 341 980 Primus
368 946 528 980 sensus
552 929 734 978 videtur
758 927 836 977 hic
860 928 1105 977 naturalior
1126 947 1136 975 t
1159 927 1268 979 hinc
1288 928 1617 981 Theodoretus
1640 949 1653 979 :

88 1008 165 1074 qui
192 1009 346 1055 omnia
370 1005 503 1063 fecit,
532 1009 622 1054 una
645 1023 800 1055 secum
825 1013 1042 1070 operante
1067 1002 1208 1056 Filio.

159 1077 350 1128 Putatur
362 1087 512 1128 autem
530 1087 696 1130 etcum
715 1080 1013 1129 fundamento
1033 1081 1156 1146 quod
1172 1077 1425 1148 Aposto'aus
1450 1082 1655 1134 scholam

87 1155 289 1209 Simonis
313 1156 437 1223 Magi
467 1162 713 1224 percutiat,
741 1162 816 1222 qni
846 1156 1052 1209 docebat
1079 1159 1202 1211 hunc
1224 1161 1447 1211 mundum
1485 1180 1655 1230 corpo-

23 1299 27 1306 *
86 1252 218 1287 reum
240 1237 296 1285 ab
322 1236 490 1301 angelis
508 1235 679 1286 factum
698 1231 818 1286 es'se.

576 1351 899 1404 onsnnvATm
934 1368 1180 1403 moruus,

155 1478 372 1533 Observa
394 1481 471 1530 hic
499 1480 749 1545 evangelici
775 1482 1014 1530 ministerii
1036 1498 1225 1543 munus,
1247 1480 1656 1544 scilicet‚1‘ncom-

82 1559 417 1624 prehensibiles
442 1554 621 1608 Christi
643 1559 828 1607 divitias
853 1560 1162 1622 evangelizare
1182 1567 1233 1608 et
1250 1560 1518 1608 illuminare
1543 1578 1656 1608 om-

85 1653 237 1685 nea...

159 1710 405 1780 Apostoli,
436 1716 761 1779 evangelistae,
789 1725 892 1765 sunt
930 1719 1048 1765 inter
1071 1724 1259 1766 caeteros
1289 1715 1502 1766 homines
1535 1717 1660 1783 quod

85 1796 346 1860 superiores
370 1794 517 1858 angeli
542 1803 645 1844 sunt
667 1798 785 1844 inter
811 1793 1073 1845 inferiores.

157 1871 286 1923 Sicut
311 1873 458 1936 angeli
496 1882 602 1922 sunt
630 1868 725 1922 Dei
755 1873 963 1922 coelestes
987 1874 1204 1930 ministri;
1236 1874 1294 1921 ita
1317 1869 1529 1936 Apostoli
1553 1881 1660 1924 sunt

91 1956 328 1999 terrestres
353 1949 500 2012 angeli
523 1969 534 1996 :
557 1956 599 1996 at
614 1949 779 1997 horum
806 1951 1105 1997 ministerium
1128 1965 1225 1997 non
1248 1957 1316 1998 est
1334 1950 1479 2012 impar
1495 1948 1661 1998 coeles-

92 2027 210 2074 tium
236 2023 499 2087 angelorum
535 2025 811 2081 ministerio;
855 2020 1071 2086 Apostoli
1098 2025 1248 2080 enirn‚·
1292 2025 1406 2072 sicut
1442 2029 1486 2072 et
1513 2022 1660 2087 angeli
1726 2019 1730 2023 ’

91 2103 350 2166 superiores
369 2138 382 2159 ‚
410 2110 634 2166 purgant,
662 2101 911 2150 illuminant
929 2108 972 2149 et
989 2099 1241 2164 perficiunt.

160 2175 292 2227 Hinc
311 2178 357 2225 in
381 2173 532 2241 Apoc.
558 2197 638 2247 19,
665 2174 722 2230 37.
747 2194 822 2227 ιο.
845 2177 990 2242 angeli
1014 2177 1176 2227 nolunt
1197 2178 1253 2227 ab
1278 2172 1516 2242 Apostolis
1539 2177 1625 2228 coli
1648 2197 1660 2228 :

91 2255 204 2306 :vide
226 2272 286 2302 ne
294 2252 470 2318 jeceris
487 2290 503 2313 ,
538 2272 775 2303 conservus
796 2265 901 2304 tuus
922 2272 1041 2303 sum.

168 2324 402 2378 Conservi
424 2339 529 2379 sunt
551 2326 765 2395 Apostoli
783 2341 827 2381 et
854 2330 1029 2393 angeli,
1057 2345 1312 2394 omnesque
1339 2325 1427 2379 Dei
1447 2330 1658 2382 ministri.

165 2407 349 2477 Cogitet
370 2412 451 2461 hle
472 2418 516 2462 et
541 2430 671 2477 snpra
698 2410 763 2462 se*
785 2412 987 2463 reflectat
1010 2413 1213 2479 praglatus
1230 2450 1244 2474 ‚
1266 2413 1519 2478 apostolus,
1546 2432 1658 2465 con·

100 2486 332 2558 eionator,
357 2487 506 2534 onmis
529 2485 616 2536 Dei
637 2490 680 2536 in
703 2485 907 2538 Ecclesia
928 2491 1161 2550 minister,
1187 2497 1232 2539 et
1252 2489 1403 2539 videat
1425 2491 1660 2556 quomodo

98 2578 233 2611 suum
265 2563 400 2610 obeat
422 2579 587 2611 munus
615 2581 626 2611 x
665 2580 722 2612 an
760 2563 910 2614 lucet?
936 2563 1105 2629 suiique
1141 2563 1239 2614 luce
1266 2564 1378 2614 alios
1402 2566 1659 2616 illuminat?

102 2640 293 2703 purgat?
316 2639 516 2702 perficit?

171 2711 276 2776 An,
291 2719 317 2764 ὲ
339 2724 516 2776 contra,
542 2716 679 2768 fumat
696 2716 884 2782 i’suique
901 2717 1010 2768 sumi
1029 2720 1299 2770 obscuritate
1321 2726 1364 2769 et
1379 2719 1536 2771 foetore
1551 2719 1659 2771 alios

102 2788 312 2839 obscurat
330 2825 343 2850 ‚
368 2792 667 2842 obtenebrat?
682 2795 820 2844 inficit
842 2802 884 2844 et
907 2794 1086 2859 perdit?

174 2862 261 2917 Vae
278 2870 707 2931 praevaricatoribus
725 2872 734 2919 Ξ
