1800 3158
518 95 744 134 rmum<
772 94 1060 133 Exposrrm.
1098 77 1219 147 Cap.
1242 80 1337 131 IV.
1613 75 1717 148 379

596 210 624 221 υ

172 251 383 261 Μ,
388 250 417 256 .-
422 246 1200 261 *0*sz

173 262 277 269 -οφ
285 258 615 267 —--—-———-——--—-—-

542 360 818 419 CAPUT.
854 360 1282 435 QUARTUM.

670 534 675 535 ⁷
762 537 1100 603 Pamphrasis.

142 701 347 807 ΗΕΜ,
380 747 527 796 servis
559 748 722 796 vestris
744 745 963 796 exhibete
989 745 1113 811 quod
1145 746 1314 808 justum
1343 753 1410 796 est
1444 753 1707 810 etaequum,

136 829 340 878 scientes
365 827 490 895 quod
517 844 602 877 vos
629 845 810 894 quoque
838 825 1091 877 Dominum
1115 826 1294 878 habetis
1316 830 1362 877 in
1380 827 1512 879 coelo,

210 920 268 973 In
309 925 517 973 oratione
555 934 874 989 perseverate,
918 933 963 975 et
1005 924 1185 989 vigilate
1213 943 1316 976 cum
1356 927 1596 991 gratiarum
1632 940 1719 975 ac-

141 1003 288 1052 tione.

216 1096 362 1149 Orate
391 1101 528 1149 etiam
552 1115 635 1164 pro
655 1098 820 1159 nobis,
853 1107 901 1148 ut
926 1096 1055 1149 Deus
1074 1135 1088 1160 ‚
1112 1098 1321 1149 auferens
1349 1097 1678 1163 impedimenta
1697 1135 1712 1162 ‚

140 1175 403 1224 libertatem
445 1174 522 1225 det
566 1174 843 1240 praedicandi
879 1174 1034 1225 salutis
1073 1175 1287 1226 humanae
1327 1179 1602 1243 mysterium
1634 1193 1718 1241 per

145 1251 381 1304 Christum
391 1253 629 1322 (propter
659 1254 783 1319 quod
807 1244 1079 1322 mysterium
1112 1256 1303 1306 vinculis
1326 1273 1449 1306 nunc
1478 1258 1715 1306 constrin-

144 1331 284 1396 gor).

215 1405 279 1458 Et
306 1417 352 1458 ut
377 1408 484 1459 illud
511 1413 614 1474 apte
643 1418 688 1460 et
715 1412 1043 1460 convenienter
1069 1396 1352 1474 annuntiem.

214 1493 478 1546 Prudenter
515 1505 559 1547 et
582 1497 774 1562 provide
801 1501 1138 1548 conversemini
1167 1496 1270 1548 cum
1293 1497 1515 1560 ethnicis,
1536 1498 1593 1548 ad
1616 1494 1722 1548 Ec-

16 1631 27 1637 ,
148 1574 330 1624 clesiam
374 1591 471 1625 non
514 1576 880 1641 pertinentibus,
932 1578 1152 1642 temporis
1206 1579 1544 1643 opportunitate
1593 1578 1750 1627 bene·

53 1658 57 1661 “
142 1658 347 1700 utentes.

217 1727 380 1779 Sermo
414 1737 567 1779 vester
591 1733 647 1780 sit
672 1748 855 1796 semper
887 1735 1124 1796 sapientiae
1148 1731 1241 1782 sale
1264 1768 1276 1792 ,
1309 1749 1412 1780 cum
1435 1727 1605 1795 gratia,
1638 1747 1722 1788 seu

142 1806 273 1873 grata
296 1808 578 1870 jucunditate
613 1809 915 1866 conditu33ita
947 1820 999 1860 ut
1032 1814 1183 1860 sciatis
1212 1809 1447 1875 quomodo
1470 1810 1717 1874 unicuique

150 1886 274 1952 loqui
301 1893 347 1935 et
371 1885 650 1949 respondere
676 1887 900 1936 debeatis.

221 1958 491 2029 Tychicus‚
522 1963 810 2015 charissimus
847 1964 982 2015 frater
1007 1982 1137 2015 meus
1158 2001 1172 2026 ,
1210 1967 1285 2031 qui
1309 1981 1489 2014 mecum
1514 1960 1721 2015 Domino

151 2044 293 2091 servit
314 2050 472 2106 estque
496 2041 640 2090 fidelis
657 2043 771 2092 illius
794 2044 1020 2106 minister,
1040 2045 1254 2094 certiores
1273 2059 1357 2092 vos
1378 2042 1541 2092 reddet
1562 2058 1723 2093 eorum

150 2134 260 2182 quae
286 2120 403 2167 circa
428 2133 503 2167 me
528 2127 650 2168 sunt.
1714 2114 1716 2116 ’

222 2223 354 2282 Illum
373 2227 430 2276 ad
452 2244 536 2303 vos
558 2228 688 2289 misi,
717 2233 764 2275 ut
787 2235 1031 2291 cognoscat
1053 2225 1287 2291 (mihique
1310 2225 1509 2287 referat)
1530 2242 1723 2292 quomo-

150 2306 217 2355 do
233 2323 284 2363 se
301 2307 500 2357 habeant
525 2325 598 2357 res
616 2316 783 2357 vestrae
799 2346 814 2372 ,
845 2316 891 2357 et
913 2316 961 2356 ut
986 2325 1071 2357 vos
1096 2307 1375 2358 consoletur.

225 2401 364 2466 Misi?‚
385 2406 569 2469 inquam
589 2442 601 2463 ,
631 2424 731 2455 cum
757 2404 986 2457 Onesimo
1002 2444 1015 2467 ‚
1049 2406 1313 2457 charissimo
1337 2415 1388 2456 et
1409 2404 1532 2456 fideli
1557 2405 1722 2468 fratre,

154 2485 235 2548 qui
259 2490 303 2532 et
325 2479 610 2533 Colossensis
638 2492 722 2535 est.
748 2483 958 2551 Uterque
989 2487 1123 2536 vobis
1151 2494 1260 2536 nota
1276 2484 1411 2535 faciet
1434 2486 1592 2535 omnia
1612 2502 1714 2551 quae

153 2560 234 2610 hic
255 2560 374 2626 apud
397 2578 482 2610 nos
503 2561 636 2611 fiunt.

227 2673 536 2739 Aristarchus,
565 2681 640 2745 qui
666 2697 847 2730 mecum
872 2684 1074 2748 captivus
1101 2690 1187 2743 est,
1217 2681 1374 2731 salutat
1396 2697 1509 2740 vos;
1535 2687 1581 2730 et
1601 2675 1730 2729 Mat-

159 2769 267 2815 cus,
302 2751 527 2804 Barnabae
563 2757 892 2820 consobrinus,
925 2759 983 2809 de
1022 2778 1113 2824 quo
1146 2756 1307 2809 Marco
1335 2757 1731 2808 commendatitias

160 2832 395 2895 recepistis
415 2830 616 2883 litteras:
650 2834 772 2886 illum
797 2837 1164 2905 itaque'recipite
1198 2835 1430 2891 benevole
1448 2872 1462 2900 ,
1490 2839 1528 2888 si
1553 2836 1612 2888 ad
1642 2850 1731 2887 vos

75 2949 77 2951 .
161 2910 284 2961 ierit.

1758 2218 1792 2229 Q
