1806 3164
155 93 256 146 i80
624 110 882 152 ΕΡιετοιΕ
916 117 984 153 An
1019 110 1257 157 numios

222 181 316 234 Sed
339 183 501 234 melius
525 201 628 234 cum
668 195 827 237 nostro
852 190 1116 273 interprete.
1138 188 1205 240 In
1243 192 1496 255 omnibus,
1527 180 1724 264 supple,

152 261 517 322 ienlaiionibus,
545 266 716 311 sumile
732 274 913 314 scutum
925 263 1112 330 fidet.
1404 318 1407 320 ,

225 334 372 400 Quasi
399 338 607 389 diceret:
626 337 772 391 Fides
795 351 943 393 vestra
970 347 1028 394 sit
1060 346 1214 407 firma,
1239 355 1453 400 constans
1477 357 1522 400 et
1545 349 1723 413 solida;

152 415 241 467 hac
263 418 356 468 fide
376 422 529 468 omnia
553 419 719 470 diaboli
737 422 848 483 tela,
873 423 976 473 licet
996 427 1160 488 ignita,
1187 443 1281 475 non
1306 427 1448 478 modo
1462 427 1725 503 repelletis,

152 493 235 543 sed
266 503 310 543 et
339 498 659 558 exslznguetis.

225 567 358 620 Idem
382 589 468 621 nos
509 573 661 621 docuit
689 569 748 621 D.
774 570 938 623 Petrus
967 576 1126 640 primae
1156 577 1186 626 5
1210 596 1221 625 :
1245 576 1336 626 Cui
1363 577 1747 633 resistitejbms'

157 649 207 696 in
235 647 361 711 fide.
398 646 532 698 Idem
560 657 605 697 et
654 648 717 700 D.
754 648 891 700 Joan.
938 654 1079 702 Fides
1112 657 1264 704 vincit
1305 656 1550 708 mundum.
1577 654 1726 710 Joau.

153 727 310 788 primae
330 725 377 786 4.

222 805 381 867 Ignara
411 806 503 853 tela
538 807 743 867 di'abolz,
788 817 891 858 sunt
925 808 1138 861 libidines
1173 826 1363 871 omnes,
1405 828 1505 876 quae
1545 828 1728 861 concu-

152 885 422 948 piscentiam
451 887 725 935 accendunt.

226 957 293 1022 35.
325 978 401 1026 17.
433 962 493 1009 Et
512 964 697 1025 galeam
723 965 905 1014 salutis.
934 961 1021 1014 Gr.
1055 963 1284 1027 salutaris,
1309 963 1358 1013 id
1389 972 1486 1026 est,
1519 957 1725 1031 Christi,

154 1041 213 1088 ait
238 1039 300 1090 D.
330 1039 665 1109 Hieronymus.

216 1116 289 1167 D.
332 1116 498 1170 Paulus
538 1125 696 1186 primae
738 1119 895 1172 Thess
951 1123 999 1182 5,
1029 1115 1087 1174 Ῠ.
1129 1125 1185 1186 8,
1218 1123 1415 1188 explicat
1439 1140 1546 1188 quae
1571 1127 1628 1174 sit
1649 1125 1725 1175 ilia

153 1193 302 1258 galea,
325 1196 478 1243 mduti
493 1198 709 1258 galeam,
741 1217 868 1262 spem
888 1201 1070 1248 salutis.

225 1270 386 1338 Itaque
409 1289 513 1337 spes
539 1276 583 1321 in
608 1270 842 1324 Christum
862 1279 981 1343 ,qui
1004 1285 1071 1325 est
1094 1284 1226 1340 caput
1256 1284 1491 1341 nostrum,
1518 1280 1576 1328 sit
1600 1279 1729 1343 galea

153 1362 327 1404 nostra.

222 1433 287 1480 Et
302 1433 510 1494 gladium
533 1432 772 1497 spii-inis...

223 1505 431 1558 Verbum
468 1507 556 1557 Dei
596 1518 663 1558 est
697 1511 896 1574 gladius,
932 1512 1033 1575 quia
1069 1512 1226 1559 intima
1251 1518 1507 1575 penetrat,
1543 1504 1730 1578 hocque

154 1604 394 1652 possumus
414 1590 480 1636 uti
497 1624 510 1647 ,
545 1596 644 1636 tum
670 1589 726 1636 ad
748 1597 951 1639 nostram
984 1586 1304 1637 defensionem
1321 1623 1335 1649 ,
1365 1595 1462 1637 tum
1484 1587 1543 1638 ad
1580 1587 1731 1639 hostis

154 1667 564 1731 impugnationem.

159 1772 164 1776 »
225 1744 334 1795 Hoc
385 1746 535 1810 gladio
556 1783 569 1807 ,
615 1743 822 1795 Christus
862 1744 1122 1794 daemonem
1160 1744 1374 1809 jugulavit
1424 1746 1471 1795 in
1514 1745 1728 1803 deserto;

156 1825 325 1875 eodem
343 1821 629 1875 Christianus
646 1862 659 1886 ,
679 1826 853 1890 potenti
880 1822 968 1873 Dei
990 1823 1130 1888 gratia
1144 1824 1322 1888 adjutus
1336 1860 1349 1885 ,
1372 1826 1521 1890 ipsum
1543 1840 1731 1891 quoque

156 1899 396 1971 jugulabit.

226 1978 447 2030 Hominis
466 1982 618 2045 itaque
649 1979 877 2030 christiani
903 1980 1108 2045 panoplia
1127 1979 1229 2029 haec
1252 1986 1320 2030 est
1342 1997 1356 2029 ε

227 2053 379 2123 Ipsius
403 2060 525 2124 galea
553 2068 620 2108 est
643 2077 747 2123 spes
771 2061 817 2108 in
843 2056 1090 2109 Christum.
1397 2126 1400 2128 v

228 2135 392 2186 Lorica
410 2176 423 2201 ,
448 2156 526 2187 seu
549 2138 710 2187 thorax
726 2175 739 2198 ,
772 2145 838 2186 est
865 2139 1026 2199 justitia
1041 2173 1053 2197 ,
1086 2138 1296 2186 sanctitas
1313 2170 1327 2196 ,
1354 2149 1492 2199 opera
1508 2137 1682 2182 sancta.

228 2210 449 2276 Balteus,
490 2216 680 2273 veritas,
732 2213 855 2260 bona
880 2211 1025 2274 fides,
1057 2210 1251 2261 fidelitas
1278 2213 1327 2260 in
1348 2205 1589 2260 servandis
1611 2204 1724 2258 Deo

159 2291 411 2356 promissis.
1283 2333 1299 2351 ,

232 2366 398 2417 Ocreae
416 2405 427 2427 ,
468 2370 731 2434 praeparatio
754 2368 893 2415 animi
933 2365 990 2414 ad
1016 2362 1318 2431 Evangelium
1349 2361 1730 2430 exsequendum,

161 2450 519 2499 annuntiandum
539 2488 550 2506 ,
582 2447 978 2513 propugnandum.

230 2523 432 2575 Dextera
471 2527 696 2590 gladium,
729 2525 775 2573 id
813 2532 908 2587 est,
930 2525 1125 2574 verbum
1166 2521 1254 2574 Dei
1293 2529 1418 2574 tenet
1455 2540 1468 2570 ε
1511 2522 1728 2582 sinistra,

160 2612 336 2654 scutum
359 2603 483 2652 fidei.

232 2677 286 2738 ψ.
313 2702 327 2730 ι
340 2681 386 2732 8.
411 2683 503 2731 Per
519 2698 701 2730 omnem
725 2681 999 2736 mulionem,
1019 2682 1044 2727 a
1063 2681 1210 2742 capite
1227 2675 1284 2724 ad
1299 2673 1410 2724 talos
1422 2675 1489 2722 sic
1502 2679 1729 2735 armatos,

163 2758 298 2808 docet
323 2777 442 2808 nun(
466 2763 490 2807 a
521 2776 611 2824 quo
636 2758 832 2806 debeant
854 2760 900 2806 in
927 2756 1078 2823 praelio
1095 2754 1310 2804 auxilium
1332 2758 1516 2817 petere,
1535 2756 1582 2799 et
1602 2748 1732 2799 unde

163 2836 469 2899 exspectanda
482 2838 695 2884 victoria.

231 2914 395 2966 Hostis
419 2924 574 2966 noster
600 2916 925 2978 nequissimus,
943 2913 1299 2971 versutissimus,
1317 2925 1516 2974 semper,
1538 2874 1729 2970 ubique.
