1800 3158
166 54 268 108 208
560 65 832 108 Erls'roL'AE
867 72 940 108 An
975 71 1339 114 purupmznsrzs

195 143 363 196 Hinc
375 143 600 210 intrepide
619 151 785 195 etcum
799 149 924 198 omni
942 145 1110 198 fiducia
1122 146 1287 216 loquor
1307 158 1350 202 et
1369 166 1487 233 ago;
1506 165 1595 246 nec
1607 159 1735 227 ‘enirn

162 226 323 275 vivere
346 241 541 287 recuso,
567 242 656 275 nec
675 228 794 275 mori
822 229 981 279 timeo,

234 301 390 365 Hinc,
416 306 516 354 sive
539 322 620 370 per
641 307 813 370 vitam,
847 311 946 359 sive
967 326 1049 374 per
1078 317 1275 361 moriem
1290 347 1305 375 ,
1331 308 1540 364 Christus
1559 313 1735 381 giorffi-

162 382 368 433 cabitur
356 401 402 433 m
425 399 615 450 corpore
636 401 779 434 meo.
797 387 833 435 si
853 388 1008 436 vivam
1030 391 1180 450 enim,
1206 406 1324 440 voce
1346 398 1390 442 et
1412 392 1735 458 praedicatione

162 462 366 511 viventis
390 461 738 525 glorificabitum
765 463 803 511 si
824 465 990 513 moriar
1015 481 1097 531 pro
1121 467 1220 532 ipso
1238 503 1253 531 ,
1279 465 1603 532 giorifieabitur
1627 487 1734 536 pas-

164 540 294 589 sione
318 546 364 588 et
383 541 604 607 martyrio
626 541 878 590 morientis.

639 691 764 727 OBSE
773 691 972 766 RVPATIO
1009 693 1260 731 MORALIS.

232 809 371 861 Tales
390 818 435 861 et
456 828 543 860 nos
568 829 730 862 omnes
752 807 1004 864 Christiani
1023 814 1298 873 deberemus
1317 832 1420 868 esse
1433 853 1447 878 ,
1469 819 1535 866 sic
1553 812 1737 867 Christo

163 893 325 940 vivere
346 899 392 941 et
422 908 503 957 pro
529 887 712 941 Christo
734 895 876 952 mori3
902 896 968 943 sic
989 887 1233 944 Christum
1252 897 1299 945 in
1327 903 1519 961 corpore
1537 905 1697 946 nostro
1715 935 1729 956 ,

164 971 265 1022 sive
287 987 368 1035 per
395 971 535 1020 vitam
551 1006 564 1032 ,
591 973 691 1021 sive
712 988 793 1037 per
813 979 1011 1022 mortem
1037 971 1288 1037 glorificare
1305 1009 1321 1036 ‚
1345 980 1443 1024 ium
1462 974 1598 1023 bonis
1614 991 1738 1039 ope·

162 1051 288 1100 ribus
321 1053 370 1100 in
399 1048 517 1112 vita,
559 1058 654 1100 tum
690 1048 908 1117 patientia
942 1059 988 1102 et
1023 1050 1288 1103 obedientia
1321 1055 1370 1104 in
1404 1053 1578 1104 morbis
1609 1063 1656 1104 et
1690 1057 1737 1104 in

164 1139 332 1200 morte.

232 1209 329 1262 Per
351 1209 639 1277 Bapiismum
674 1210 869 1259 Domini
893 1230 1053 1262 sumus
1079 1232 1097 1259 .-
1121 1213 1221 1263 sive
1243 1229 1352 1276 ergo
1373 1215 1595 1273 vivimus,
1625 1208 1738 1263 Do-

164 1293 292 1342 mino
313 1294 550 1349 vivamus3
578 1292 677 1340 sive
698 1294 919 1341 morimur
935 1327 950 1355 ,
972 1289 1182 1342 Domino
1201 1299 1249 1342 et
1272 1309 1357 1358 pro
1381 1289 1576 1343 Domini
1596 1292 1736 1357 gioria

164 1359 427 1419 moriamurss
447 1366 592 1430 Rom.
626 1367 706 1429 14.
735 1386 762 1435 7
782 1404 796 1430 ‚
821 1366 870 1417 8.

232 1445 327 1498 Per
350 1445 640 1514 Baptismum
672 1442 790 1496 Deo
814 1447 972 1497 sacrati
1002 1463 1158 1497 sumus
1187 1465 1198 1496 ε
1221 1444 1381 1498 Deum
1401 1464 1511 1513 ergo
1539 1448 1587 1497 in
1608 1450 1737 1498 oinni

165 1533 282 1576 siaiu
299 1563 312 1585 ,
331 1543 411 1576 seu
433 1526 566 1587 vitre,
588 1542 668 1574 seu
689 1526 870 1585 mortiS‚
891 1523 1174 1576 honoremus
1195 1544 1207 1574 ι
1228 1527 1308 1576 toti
1329 1527 1376 1576 in
1398 1527 1494 1589 ejus
1511 1521 1739 1577 honorem

168 1618 502 1652 consumamur.

237 1677 350 1730 Hoc
379 1680 530 1730 debeo
549 1714 563 1741 ,
592 1677 685 1727 hoc
710 1679 852 1735 vovi;
888 1677 1092 1727 concede
1109 1713 1124 1740 ,
1156 1676 1184 1726 ὃ
1205 1677 1338 1728 Deus
1370 1680 1660 1731 misericors!
1687 1689 1736 1731 ut

167 1758 259 1808 hoc
270 1757 545 1823 adimpiearn
565 1775 575 1803 :
597 1757 657 1805 sis
677 1757 769 1805 viia
787 1771 888 1805 mea
905 1774 916 1814 ;
944 1763 988 1805 et
1008 1772 1131 1805 mors
1152 1773 1253 1806 mea
1273 1756 1408 1804 sitini
1429 1757 1600 1807 lucrum
1617 1777 1631 1806 ι
1648 1760 1742 1808 viia

168 1852 274 1885 mea
295 1837 352 1884 sit
369 1834 434 1883 tui
457 1834 552 1882 lans
573 1835 810 1889 continua;
836 1849 960 1882 mors
979 1849 1082 1882 mea
1099 1834 1157 1881 sit
1178 1832 1444 1882 sacrificium
1457 1870 1470 1894 ‚
1487 1842 1536 1883 te
1554 1831 1742 1899 Regem

169 1912 440 1964 saeculorum
461 1919 506 1962 et
525 1911 858 1972 immortalem,
880 1911 987 1959 vitae
1010 1918 1056 1959 et
1075 1912 1235 1959 mortis
1267 1909 1537 1973 dominum,
1558 1917 1605 1960 ie
1619 1927 1739 1976 prae-

172 1990 328 2040 dicans
349 1996 394 2038 et
412 1987 664 2038 honorans·

867 2135 1062 2172 mulus.

241 2266 309 2319 Ut
339 2259 555 2317 Christus
572 2267 663 2314 vita
696 2273 770 2315 tua
804 2268 914 2315 vere
936 2267 1026 2326 sit,
1061 2263 1172 2329 ipsi,
1202 2263 1327 2324 juxta
1350 2261 1467 2311 dicia
1491 2265 1536 2311 in
1567 2257 1634 2323 Υ.
1659 2283 1705 2327 7.
1723 2299 1739 2323 ,

173 2351 289 2416 ipsi,
317 2351 503 2413 inquam
521 2383 536 2408 ‚
558 2347 690 2395 unire
709 2344 969 2410 frequenter
989 2351 1033 2393 et
1053 2345 1271 2408 quantum
1299 2349 1454 2406 potes,
1490 2345 1705 2394 continue
1722 2378 1742 2404 ‚

170 2435 330 2477 mente
347 2461 361 2486 ‚
391 2423 529 2473 corde
553 2430 597 2472 et
619 2438 776 2487 opere.

243 2501 393 2569 Caput
422 2507 626 2550 nostrum
654 2505 752 2560 est,
789 2514 966 2564 nosque
988 2494 1149 2559 singuii
1171 2496 1380 2545 membra
1403 2497 1500 2557 ejus
1529 2516 1542 2547 :
1574 2497 1742 2545 uniaris

175 2598 284 2646 ergo
307 2579 439 2644 capiti
461 2585 536 2626 tuo
555 2612 570 2637 ‚
592 2583 642 2624 ut
665 2577 871 2640 spiritum
894 2572 1055 2624 influat
1073 2575 1121 2622 in
1150 2580 1194 2623 te
1213 2579 1259 2622 et
1281 2573 1327 2621 in
1345 2579 1594 2636 operatua.

245 2659 339 2713 Cor
359 2666 563 2708 nostrum
583 2663 651 2705 est
669 2665 713 2706 et
732 2658 868 2706 totius
888 2651 1109 2705 Ecclesiae
1127 2671 1139 2712 3
1164 2655 1293 2703 unire
1313 2668 1423 2716 ergo
1433 2652 1587 2711 cordi,
1606 2653 1630 2700 ὲ
1648 2668 1740 2717 quo

176 2750 355 2792 motum
373 2775 387 2800 ‚
411 2740 551 2786 vitam
572 2743 617 2784 et
636 2737 979 2802 inspirationem
1001 2750 1173 2783 sumas·

247 2812 469 2867 Centrum
496 2810 724 2876 religionis
748 2821 843 2874 est,
873 2814 920 2861 in
953 2813 1053 2874 ipso
1072 2846 1086 2872 ,
1112 2825 1217 2858 cum
1248 2807 1380 2874 ipso,
1405 2811 1452 2855 et
1483 2821 1565 2870 per
1591 2806 1741 2871 ipsum
1796 2831 1800 2837 -

176 2892 308 2948 Deus
329 2888 546 2942 colendus
575 2905 588 2934 ε
618 2887 723 2939 huic
741 2889 970 2954 refigionis
992 2893 1149 2936 centro
1170 2885 1297 2934 unire
1318 2889 1472 2932 mente
1486 2916 1499 2942 ,
1515 2886 1561 2928 ui
1586 2876 1737 2929 Deum
