1800 3158
418 93 654 149 rmum·
673 91 974 131 Exposrno.
1010 75 1127 142 Cap.
1162 71 1247 126 II.
1506 75 1607 142 347

111 170 222 223 Hoc
244 172 402 222 mortis
414 170 665 224 decretum,
684 167 807 218 hunc
827 169 985 217 mortis
1005 174 1191 216 aeternae
1206 171 1382 215 reatum
1399 160 1607 223 Christus

42 252 123 303 sua
147 250 326 318 propria
346 258 494 301 morte
514 249 738 300 abolevit:
763 249 854 298 hoc
873 246 1230 311 chirographum
1254 251 1455 294 nostrum
1472 280 1485 306 ‚
1515 261 1607 310 quo

41 344 212 387 nostrae
245 336 404 385 mortis
427 333 610 383 decreto
636 333 1026 396 subsignavimus,
1064 325 1272 379 Christus
1304 344 1387 378 suo
1405 329 1608 394 pretioso

0 441 1 444 =
43 416 264 479 sanguine
288 412 483 471 delevit,
510 413 747 477 expunxit.

111 491 176 539 Et
204 494 356 555 ipsum
381 491 484 538 tulit
508 490 565 537 de
599 489 800 538 medimo
807 486 888 537 ‚id
920 493 1016 544 est,
1041 493 1283 551 utrumque
1303 490 1351 534 et
1373 483 1606 534 decretum

43 569 202 617 mortis
228 575 274 618 et
301 565 656 629 chirographum
686 571 918 622 nostrum,
958 558 1197 619 Christus,
1227 577 1310 626 pro
1342 559 1478 608 nobis
1501 576 1607 623 mo-

43 646 168 694 riens
191 645 447 708 nostrisque
468 640 745 691 satisfaciens
762 640 959 702 debitis,
984 638 1217 700 abolevit,
1243 637 1464 698 cassavit,
1487 636 1607 685 anti·-

43 721 216 785 quavit.

113 793 288 848 Alludit
323 796 380 846 ad
413 795 727 863 syngraphas,
758 813 856 862 quae
894 794 1042 844 soluto
1069 793 1258 855 debito,
1300 790 1464 842 nullius
1503 798 1608 841 sunt

45 874 209 925 valoris
226 913 240 936 ,
260 875 344 925 sed
368 876 634 925 annulantur
660 876 786 939 quasi
810 890 905 922 non
932 875 1037 923 sint.
1672 862 1676 866 ⁵

113 947 183 999 Ita
205 946 410 998 Christus
435 967 514 1013 pro
533 950 668 1000 nobis
692 948 877 998 solvens
892 983 906 1007 ,
927 954 971 996 et
992 946 1198 997 debitum
1221 952 1431 996 nostrum
1450 942 1608 995 abole-

46 1028 143 1085 vit,
171 1033 216 1075 ct
237 1023 542 1092 syngrapham
565 1034 765 1076 nostram
792 1024 901 1071 tulit
927 1023 983 1071 de
1003 1021 1182 1081 medio,
1210 1019 1417 1085 disrupit.
1504 1029 1507 1032 ⁴

108 1100 329 1166 Affigens
351 1103 469 1150 illud
488 1104 628 1152 cruci.

112 1177 290 1231 Alludit
319 1182 377 1232 ad
411 1199 590 1232 morem
628 1180 928 1248 quorumdam
964 1178 1103 1228 clavis
1142 1175 1437 1242 transfigendi
1460 1173 1609 1226 edicta

46 1259 270 1324 antiquata
298 1254 366 1317 (is
391 1267 495 1307 tune
523 1258 639 1308 sorte
662 1259 879 1322 vigebat
868 1274 914 1306 ιη
935 1251 1076 1317 Asia,
1095 1256 1157 1304 ait
1183 1250 1419 1313 Grotius).

114 1336 205 1390 Vel
233 1343 367 1389 etiam
393 1339 542 1389 alludit
580 1341 638 1389 ad
661 1357 835 1390 monem
857 1336 1138 1405 syngraphas
1173 1335 1370 1395 solutas,
1395 1333 1610 1384 laceratas

44 1417 168 1485 stylo
187 1418 262 1469 vel
285 1437 405 1469 unco
426 1418 656 1484 affigendi

115 1493 236 1548 Vide
255 1497 374 1564 apud
399 1493 662 1547 Cornelium
684 1501 709 1545 a
734 1493 908 1561 Lapide
931 1494 1072 1561 quid
1059 1511 1107 1544 ιη
1127 1492 1262 1543 simili
1281 1491 1471 1544 fecerit
1460 1509 1611 1558 impe-

45 1582 166 1625 rator
185 1573 414 1626 Adrianus
438 1596 449 1623 ι
476 1578 649 1626 remisit
671 1575 848 1636 debita,
873 1571 1151 1640 syngraphas
1175 1572 1439 1622 combussit.

29 1659 35 1664 ’
114 1646 174 1705 Ῠ.
197 1652 274 1704 15.
298 1654 361 1702 Et
383 1657 628 1720 expolians
648 1654 1007 1719 principatus...-

114 1728 277 1780 Homo
307 1732 542 1796 peccando
580 1731 670 1781 duo
705 1733 923 1791 incurrit,
961 1731 1023 1778 ait
1064 1725 1128 1780 D.
1163 1726 1402 1779 Thomas:
1435 1734 1614 1778 reatum

44 1804 189 1872 culpae
211 1813 254 1855 et
271 1808 536 1860 servitutem
560 1805 768 1855 diaboli:
794 1814 1034 1871 postquam
1056 1803 1175 1853 dixit
1208 1798 1459 1868 Apostolus
1487 1821 1614 1868 quo-

45 1882 187 1931 modo
225 1879 431 1933 Christus
476 1900 637 1931 omnes
675 1891 858 1932 nostros
897 1890 1049 1932 reatus
1091 1879 1289 1943 delevit,
1335 1898 1458 1968 nunc
1505 1880 1615 1932 dicit

49 1957 283 2023 quomodo
304 1976 389 2007 nos
413 1977 439 2007 a
460 1958 626 2007 diaboli
650 1961 867 2008 servitute
888 1959 1113 2009 liberavit.

115 2037 181 2085 Ec
199 2037 443 2100 expolians
464 2072 481 2097 ‚
508 2054 588 2087 seu
623 2037 870 2101 expoliavit
893 2038 1130 2088 daemones
1176 2037 1253 2088 illo
1290 2038 1454 2104 quod·
1440 2056 1488 2088 1n
1508 2036 1608 2087 ho-

47 2112 196 2161 mines
210 2148 223 2173 ‚
245 2114 306 2161 oh
327 2111 415 2161 hoc
436 2114 606 2176 peccati
627 2112 1002 2179 chirographum,
1021 2112 1372 2179 praetendebant
1392 2114 1605 2179 imperio,

51 2188 469 2254 illosquesubactos
491 2198 537 2239 et
564 2190 778 2255 spoliatos

122 2267 356 2315 Traduxz‘t
382 2267 679 2331 confidenter.
705 2265 786 2318 Gr.
811 2271 858 2318 in
886 2268 1109 2319 libertate.
1135 2266 1242 2335 Syr.
1270 2267 1472 2319 confudit
1495 2285 1603 2328 eos,

48 2342 96 2392 id
118 2350 213 2403 est,
241 2343 449 2393 audacter
468 2352 512 2392 et
528 2345 674 2408 palam
703 2349 970 2408 ostentavit,
993 2342 1097 2394 Deo
1127 2345 1297 2395 scilicet
1323 2353 1369 2394 et
1387 2341 1606 2409 Angeli8‚
1678 2372 1683 2374 ἡ

48 2422 176 2488 quasi
199 2423 347 2470 victor
373 2428 418 2470 et
454 2421 753 2487 triumphator
780 2424 1119 2475 circumducens
1152 2441 1308 2474 secum
1331 2422 1488 2472 hostes
1512 2422 1607 2472 de·-

47 2501 194 2549 victos
215 2500 262 2548 in
287 2498 584 2564 triumphum.

122 2575 166 2623 T
161 2575 439 2640 riumphcms
461 2576 585 2633 illos,
613 2575 659 2623 id
699 2585 791 2637 est,
816 2577 874 2626 de
900 2576 983 2625 illis
1006 2574 1252 2641 ignominia
1274 2577 1340 2626 sic
1366 2571 1539 2624 affectis
1562 2575 1611 2636 in

48 2653 317 2714 semetipse,
344 2652 392 2702 id
416 2658 515 2713 est,
540 2649 620 2700 sua
643 2652 806 2706 virtute
825 2650 1140 2718 triumphavit.
