1800 3158
399 152 406 157 .
454 88 1013 157 ‘rmusxnxrosmm
1053 93 1174 162 Cap.
1194 93 1289 162 411.
1549 93 1652 166 332

557 244 563 246 s
618 239 758 276 NOTA
791 236 1110 274 LITTERAL'IS.

147 340 244 398 Hic
266 338 391 396 locus
413 346 462 395 in
489 341 658 395 Graeco
682 354 727 396 et
751 348 799 395 in
823 341 976 395 nostra
1009 339 1203 408 Vulgata
1224 380 1237 404 ,
1264 344 1325 393 ob
1346 336 1621 397 brevitatem
1639 367 1661 410 ,·

79 426 555 493 aliquidtobscurritatis
573 424 713 478 habet
735 446 750 476 ε
776 424 888 475 hinc
908 425 1165 474 necessario
1187 422 1356 489 aliquid
1375 424 1659 488 addendum,

79 513 130 556 ut
152 502 330 554 tollatur
353 503 620 554 obscuritas.

149 577 467 633 communiter
492 579 669 630 additur
696 587 747 627 ut
782 579 1072 629 consolentur
1104 579 1244 628 cor-cla
1285 581 1490 645 nasorum
1505 614 1524 640 ,
1553 583 1662 631 cum

81 659 246 713 suerint
266 663 512 723 instructi,
542 679 622 711 seu
650 663 926 722 constructi,
952 679 1034 712 seu
1057 664 1279 726 compacti
1306 665 1356 710 in
1380 662 1616 710 charitate
1636 677 1661 720 ,·

82 743 251 794 elmi-m
269 738 434 791 fuerint
456 732 702 789 introducti
726 741 773 787 in
798 757 959 788 omnes
982 738 1169 789 divitias
1185 739 1494 804 plenitudinis
1515 739 1663 788 intel-

81 815 248 876 lectlls,
281 826 368 866 et'c.

150 891 272 944 Mihi
296 893 419 944 hunc
441 911 624 945 versum
646 893 883 944 meditanti
906 902 952 944 et
973 894 1030 945 ad
1053 901 1260 944 mentem
1288 890 1356 944 D.
1374 890 1507 943 Pauli
1541 890 1667 944 serio

82 975 334 1026 attendenti
358 976 507 1025 visum
531 984 599 1025 est
625 977 747 1043 quod
768 971 1017 1040 Apostolus
1045 974 1117 1025 his
1136 967 1289 1039 paucis
1312 975 1466 1024 verbis
1488 975 1663 1026 anxie-

82 1055 184 1103 tatis
209 1070 326 1112 suae,
366 1070 640 1118 suorumque
676 1072 757 1120 pro
794 1051 1144 1104 Colossensibus
1179 1052 1385 1101 laborum
1409 1052 1553 1103 finem
1577 1069 1665 1104 ex.-

84 1131 270 1193 primat.

149 1202 410 1266 Nimirum,
453 1204 667 1256 sollicitus
699 1223 828 1267 sum,
868 1208 1047 1271 primo,
1086 1212 1134 1254 ut
1166 1203 1498 1265 consolemini,
1539 1204 1668 1266 juxta

84 1284 248 1351 proph.
271 1283 376 1334 lsai.
402 1285 484 1353 40.
518 1303 564 1335 1.

149 1359 364 1411 Secundo
380 1399 392 1422 ,
426 1370 472 1411 ut
507 1361 733 1411 charitatis
773 1362 953 1412 vinculo
993 1365 1379 1427 compaginemini
1397 1400 1412 1427 ,
1450 1370 1668 1428 tanquam

60 1441 216 1494 ,unius
243 1442 444 1504 corporis
469 1441 690 1490 membra.

153 1519 342 1580 Tertio,
364 1529 410 1570 ut
438 1524 534 1570 sitis
556 1520 755 1584 perfecte
779 1519 1079 1584 intelligentes
1103 1529 1146 1570 et
1171 1519 1301 1586 plene
1328 1522 1528 1584 persuasi
1552 1522 1670 1573 circa

87 1617 138 1649 ea
155 1617 254 1664 quae
274 1601 502 1663 pertinent
518 1598 574 1647 ad
599 1601 906 1664 cognitionem
926 1594 1232 1662 mysteriiDei
1258 1593 1411 1646 Patris
1436 1606 1481 1647 et
1498 1594 1673 1668 Christi

85 1675 216 1728 Jesu.
240 1673 324 1726 Gr.
350 1674 436 1726 Dei
454 1683 506 1724 ⁴et
525 1673 672 1726 Patris
691 1684 736 1724 et
758 1671 956 1735 Christi,
987 1674 1033 1723 id
1061 1682 1127 1723 est
1145 1711 1159 1737 ,
1186 1671 1277 1723 Dei
1300 1676 1460 1735 unius,
1489 1682 1534 1723 et
1564 1677 1672 1737 trini

89 1759 135 1805 in
163 1755 398 1818 personis,
429 1762 473 1802 et
497 1750 699 1815 Christi,
732 1751 950 1802 Hominis
977 1750 1096 1811 Dei;
1118 1770 1197 1801 seu
1232 1755 1527 1802 sanctissimae
1553 1750 1674 1809 Tri-r

88 1835 240 1885 nitatis
268 1841 313 1884 et
338 1830 597 1882 Dominicae
621 1830 968 1882 Incarnationis.

156 1909 281 1960 Ecce
308 1915 388 1960 tria
420 1912 477 1961 ad
506 1929 604 1977 quae
636 1911 781 1960 tendit
808 1908 1023 1972 Apostoli
1053 1910 1180 1959 labor
1218 1918 1261 1960 et
1292 1928 1421 1969 cura;
1453 1913 1535 1960 tria
1569 1929 1673 1978 quae

89 1983 435 2037 Colossensibus
457 1981 509 2036 etv
529 1987 622 2035 aliis
646 1995 865 2051 exoptat,
895 1994 939 2036 et
965 2004 1155 2052 quorum
1182 1983 1371 2038 fortasse
1394 1991 1673 2039 contrarium

89 2067 222 2115 tacite
249 2065 472 2129 redarguit
492 2068 538 2115 in
564 2066 661 2115 illis.
1182 2128 1184 2132 .

156 2140 279 2192 Haec
307 2151 456 2194 autem
483 2146 563 2193 tria
590 2146 654 2193 sic
689 2147 805 2194 inter
828 2163 878 2194 se
914 2144 1204 2194 subordinata
1241 2153 1343 2194 sunt
1361 2182 1373 2205 ,
1402 2154 1451 2196 ut
1481 2147 1572 2198 duo
1594 2145 1672 2198 ul·-

88 2222 196 2270 tima
222 2223 313 2272 sint
336 2222 487 2272 media
516 2222 573 2271 ad
610 2225 805 2288 primum
822 2262 834 2278 ,
860 2226 1030 2289 quippe
1056 2223 1436 2285 consolabimini,
1460 2227 1498 2274 si
1535 2226 1673 2285 corda

0 2299 9 2351 ’ζ
89 2307 239 2348 vestra
263 2299 478 2351 charitate
501 2304 876 2368 compaginentur
895 2340 908 2362 ,
950 2306 987 2352 si
1015 2311 1195 2352 mentes
1219 2311 1383 2352 vestrae
1406 2306 1498 2354 sint
1528 2305 1672 2370 plene

9 2444 12 2445 γ
88 2375 386 2439 intelligentes
411 2386 455 2425 et
481 2395 707 2441 persuasae
723 2417 735 2439 ,
760 2389 847 2430 etc.
875 2385 923 2429 in
949 2400 1107 2429 omnes
1131 2382 1314 2429 divitias
1331 2416 1370 2439 ,3
1387 2392 1474 2433 etc.
1497 2383 1543 2432 id
1566 2393 1668 2447 est,

88 2468 231 2517 usque
256 2451 313 2500 ad
347 2468 540 2501 omnem
563 2455 887 2506 abundantiam
913 2458 1190 2523 plenissimae
1215 2458 1526 2522 intelligentiae
1550 2497 1564 2522 ,
1588 2469 1672 2512 seu

88 2535 301 2582 maximae
329 2536 584 2599 quaepossit
611 2534 688 2585 hic
721 2535 909 2599 haberi,
942 2541 1002 2589 ita
1022 2547 1070 2588 ut
1093 2540 1151 2589 de
1175 2538 1298 2588 nullo
1324 2534 1566 2600 dubitetis,

155 2609 210 2662 In
224 2612 296 2661 his
314 2615 464 2679 itaque
489 2615 640 2677 paucis
658 2615 810 2665 vcrbis
832 2615 1056 2669 habemus
1070 2618 1211 2667 finem
1235 2617 1438 2667 laborum
1456 2615 1519 2669 D.
1541 2615 1668 2670 Pau-

46 2744 51 2746 7
85 2685 143 2745 li,
171 2685 397 2738 habemus
426 2691 522 2749 eius
550 2697 708 2738 votum
746 2699 791 2741 et
818 2692 967 2743 cordis
995 2693 1272 2744 desiderium
1294 2731 1306 2754 ,
1337 2692 1562 2746 habemus
1585 2705 1667 2748 ta-

87 2762 219 2810 citam
240 2763 604 2814 exhortationem
628 2766 681 2814 ad
708 2766 968 2820 charitatem
988 2780 1189 2821 mutuam
1215 2780 1258 2820 et
1276 2771 1332 2820 ad
1358 2771 1535 2823 firmam
1554 2792 1667 2840 per-

87 2837 371 2895 suasionem3
398 2855 501 2903 quae
521 2839 777 2891 exhortatio
797 2844 990 2911 aliquam
1012 2845 1128 2897 sorte
1151 2850 1368 2913 supponit
1389 2847 1664 2901 divisionem

86 2913 135 2962 in
157 2909 499 2966 colossensium
522 2917 764 2982 cordibus,
797 2929 840 2971 et
864 2921 1197 2974 dubitationem
1227 2926 1274 2973 in
1298 2926 1549 2976 mentibus.

222 2996 297 3033 lv.
1433 2993 1496 3043 15
