1800 3158
490 151 710 191 TRIPLEX
745 151 1032 188 Exposmo.
1071 130 1340 202 Cup.}IV.
1456 191 1458 194 ,
1599 108 1705 204 457

219 225 351 280 Deus
373 226 469 278 vult
488 234 537 276 ut
557 227 645 275 sim
664 231 862 285 sanctus,
884 227 941 275 ab
962 226 1090 274 omni
1105 223 1221 273 malo
1243 223 1432 286 alienuS,
1456 231 1502 273 et
1525 227 1708 289 specia-

151 307 234 357 tim
254 307 312 356 ab
337 306 464 355 omni
485 299 770 354 immunditia
793 310 1010 352 remotus.
1621 294 1626 300 ’
1705 296 1707 298 ’

197 380 351 433 ‘Deus
383 388 452 431 est
471 381 676 445 spiritus;
706 384 751 428 et
786 381 889 443 quia
925 380 1134 443 spiritm,
1173 377 1270 428 vult
1302 394 1377 428 me
1414 378 1709 443 spiritualem,

152 467 382 520 sanctum,
410 474 590 524 purum.

223 531 354 588 Deus
376 543 446 587 est
476 535 682 601 spiritus3
723 540 767 581 et
801 535 902 598 quia
938 534 1143 597 spiritus,
1184 534 1486 597 impuritatem
1522 533 1708 596 horret,

155 622 370 680 tanquam
394 612 484 661 sibi
507 612 764 677 oppositam
791 630 804 659 ε
840 609 951 659 Νοη
975 608 1268 673 permanebit
1284 610 1472 673 spiritus
1505 627 1631 658 meus
1661 612 1710 659 in

155 689 360 746 homine,
386 688 495 752 quia
517 704 626 734 caro
644 694 727 735 est.

227 762 435 814 Omnem
475 766 628 829 itaque
661 762 965 827 impuritatem
997 761 1227 821 horreb03
1264 763 1453 811 castitati
1491 766 1632 828 magis
1653 756 1715 813 'ac
1782 825 1793 835 1

155 847 304 911 magis
331 843 543 894 studebo.

143 918 148 925 ’
225 919 501 987 Impuritatis
535 918 873 979 enormitatem,
921 926 966 968 et
999 919 1055 967 ab
1101 915 1154 968 eei
1195 918 1468 970 deteirentia
1509 919 1618 971 vide
1663 923 1712 970 in

159 993 230 1060 Ϋ.
262 1016 312 1064 7,
341 996 390 1048 8.

226 1072 321 1125 Per
357 1091 459 1124 eam
492 1071 622 1123 Deus
661 1072 911 1138 spernitur,
951 1067 1157 1121 Christus
1188 1072 1498 1137 inhonoratur,
1524 1071 1715 1139 Spiritus

158 1159 339 1202 sanctus
358 1146 632 1200 contumelia
650 1148 854 1197 afficitur.

226 1222 412 1277 ibidem
433 1226 656 1276 discamus
675 1224 907 1290 quomodo
925 1224 981 1273 de
1007 1226 1144 1275 rebus
1168 1228 1303 1276 etiam
1323 1225 1577 1278 inhonestis
1597 1232 1715 1278 caste

149 1304 466 1369 loquendum,
487 1304 565 1353 ubi
597 1311 664 1352 est
684 1303 901 1368 loquendi
921 1306 1186 1355 necessitas·
1416 1314 1420 1318 “

820 1443 1021 1490 ἸῈΒΤιὸ.

228 1572 460 1625 Notemus
488 1582 534 1624 et
568 1575 805 1640 diligenter
838 1592 1116 1641 exequamur
1159 1595 1321 1629 omnes
1348 1577 1560 1644 Apostoli
1582 1599 1712 1647 prae-

161 1662 345 1718 ceptum
363 1654 422 1703 de
443 1651 544 1718 fugai
570 1655 649 1703 otii
671 1662 716 1703 et
734 1654 793 1703 de
819 1652 971 1704 labore
993 1653 1216 1718 honesto,
1245 1666 1295 1706 ut
1320 1661 1456 1722 quieti
1476 1668 1521 1709 et
1541 1661 1714 1726 pacifici

160 1736 313 1779 nostra
334 1746 569 1792 curemus,
606 1729 666 1780 de
700 1730 857 1781 alienis
890 1748 987 1780 non
1023 1733 1358 1783 immisceamur
1378 1740 1599 1800 negotiis,
1631 1740 1715 1789 sed

161 1825 406 1874 operemur
425 1810 753 1861 indesinenter.
775 1809 898 1862 Vide
921 1802 978 1860 JV.
1003 1830 1021 1860 1
1037 1829 1080 1861 1.

823 1958 919 2004 QUA
927 1946 1045 1994 nro.

233 2074 328 2139 Qui
361 2080 599 2127 veritatem
630 2076 688 2126 de
710 2085 991 2127 mortuorum
1023 2084 1349 2134 resurrectione
1374 2086 1494 2136 bene
1517 2095 1562 2137 et
1593 2091 1715 2138 serio

159 2158 492 2220 penetraverit,
518 2153 626 2204 hinc
651 2154 840 2204 solidam
859 2163 905 2204 et
932 2155 1219 2208 christianam
1250 2160 1308 2210 de
1331 2170 1478 2212 morte
1510 2172 1605 2213 tum
1630 2183 1709 2214 sua

159 2239 257 2282 tum
286 2249 471 2283 suorum
507 2232 862 2283 consolationem
890 2235 1122 2299 percipiet.
1152 2233 1273 2289 Vide
1310 2243 1335 2288 ὲ
1371 2233 1427 2294 fi,
1470 2260 1528 2290 12
1566 2261 1708 2309 usque

160 2308 218 2357 ad
243 2308 411 2373 finem,
435 2318 481 2360 et
510 2312 757 2375 praesertim
776 2302 833 2362 fi.
868 2329 944 2378 17.

342 3006 417 3045 lv.
1420 3020 1450 3053 2
1461 3020 1493 3054 0
1619 3051 1623 3054 ,
