1800 3158
129 115 230 174 336
541 129 791 167 ems‘roLAE
827 132 900 168 ΑΒ
935 132 1279 174 conossssnssss

570 390 941 441 Commentarius
977 393 1027 441 in
1060 385 1178 457 Cap.
1206 413 1254 444 2.
1331 400 1334 403 ’

128 573 183 630 st.
213 593 257 625 1.
288 529 474 624 VOLO
499 575 624 622 enim
649 593 734 625 vos
750 578 867 623 scire
871 610 966 625 ......

197 648 425 702 Particula
458 646 589 700 'enim
612 650 735 701 hunc
769 668 953 702 versum
974 654 1112 703 nectit
1138 671 1241 704 cum
1266 653 1426 704 ultimo
1446 670 1582 704 versu
1611 669 1695 703 ca-

130 732 235 796 pitis
256 730 562 798 praecedentis
585 745 594 771 t
619 733 842 781 rationem
871 747 980 796 ergo
1004 730 1152 782 reddit
1185 729 1438 798 Apostolus
1462 750 1541 783 cur
1557 731 1695 783 dixe·

128 811 186 858 rit
213 828 227 855 ε
260 809 437 857 Laboro
455 809 501 856 in
528 825 702 872 ogone,
727 809 944 857 certando
957 843 974 868 ,
1002 811 1104 873 quia
1132 810 1345 862 sollicitus
1364 829 1464 861 sum
1485 828 1569 877 pro
1596 828 1694 862 vo-

128 885 202 934 bis
223 920 239 946 ,
263 891 352 934 etc·

202 963 403 1029 Qualem
443 963 798 1012 sollicitudinem
805 993 884 1015 .....
921 959 1005 1013 Gr.
1043 972 1260 1028 quantum
1305 971 1565 1026 certamen,
1589 971 1686 1016 etc.

127 1039 231 1109 Syr.
253 1052 300 1094 et
323 1040 468 1095 Arab.
493 1042 625 1109 quale
660 1044 718 1092 sit
754 1041 866 1091 mihi
902 1050 1160 1106 certamen,
1188 1050 1276 1092 etc.
1308 1040 1519 1109 AEthiop.
1542 1059 1697 1109 quan-

127 1129 224 1171 turn
242 1120 484 1172 ‚contendo
506 1136 589 1184 pro
610 1120 762 1168 vobis.

195 1195 329 1248 Bene
356 1200 491 1248 etiam
509 1197 567 1246 ab
593 1198 840 1261 interprete
874 1203 1032 1245 nostro
1050 1230 1064 1258 ,
1087 1203 1313 1262 quantam
1339 1196 1474 1247 anxie
1485 1200 1624 1244 tatem
1647 1203 1695 1244 et

126 1280 504 1329 sollicitudinem.

194 1358 259 1407 Et
281 1358 564 1423 quicumque
579 1372 671 1403 non
698 1350 1105 1417 videruntfaciem
1131 1372 1354 1406 mmmm.

194 1431 306 1501 Syr.
330 1441 375 1484 et
398 1450 482 1497 pro
512 1434 692 1481 caeteris
714 1431 797 1480 illis
820 1433 896 1495 qui
916 1430 1077 1481 faciem
1105 1448 1284 1492 meam,
1311 1439 1400 1482 etc.

193 1510 345 1564 Divus
363 1507 723 1578 Chrysostomus
744 1516 790 1558 et
810 1507 881 1558 alii
903 1510 1208 1558 communiter
1231 1515 1334 1573 post
1354 1510 1502 1573 ipsum
1519 1503 1696 1557 intelli-

126 1597 237 1656 gunt
257 1586 346 1639 :Et
360 1590 513 1639 caeteri
534 1590 808 1652 quicumque
822 1585 911 1647 alii,
928 1587 1003 1650 qui
1022 1587 1153 1649 aeque
1171 1601 1224 1633 ac
1246 1601 1353 1645 VOS,
1374 1577 1701 1636 ColossenseS.

125 1686 221 1720 non
248 1667 459 1718 viderunt
477 1665 638 1715 faciem
662 1682 810 1713 meam
831 1683 844 1712 ε
864 1662 1066 1728 hincquo
1104 1661 1301 1712 inserunt
1323 1662 1483 1712 divum
1503 1658 1699 1713 Paulum

124 1741 330 1795 Colossis
363 1757 594 1806 nunquam
626 1739 917 1804 praedicasse.

191 1820 534 1881 Theodoretus‚
560 1827 605 1869 et
626 1826 726 1883 post
752 1820 901 1883 ipsum
927 1813 1152 1865 Baronius
1169 1853 1182 1876 ‚
1210 1814 1405 1864 traducit
1432 1833 1444 1863 z
1474 1811 1588 1866 Non
1608 1831 1704 1864 so-

100 1890 217 1960 χχΙΐιῐῐι
244 1920 326 1969 pro
357 1902 492 1951 vobis
517 1906 562 1949 et
590 1915 673 1963 pro
714 1899 768 1946 iis
794 1899 868 1963 qui
897 1905 1002 1946 sunt
1033 1894 1306 1954 Laodiceae,
1345 1893 1428 1944 sed
1460 1900 1508 1943 et
1526 1909 1610 1958 pro
1643 1895 1700 1944 iis

124 1984 201 2047 qui
220 1997 294 2042 me
315 1996 411 2028 non
437 1975 668 2030 viderunt.
690 1971 934 2041 Negatque
954 1971 1184 2040 sequelam
1212 1975 1239 2021 a
1262 1966 1336 2022 D.
1358 1967 1697 2038 Chrysostomo

123 2051 305 2107 illatam.

178 2132 377 2185 ‘Primus
393 2148 551 2182 sensus
572 2129 748 2180 videtur
771 2127 1036 2188 naturalior,
1065 2127 1170 2177 hcet
1191 2143 1286 2178 non
1308 2126 1572 2176 convincat.

195 2201 254 2264 Ῠ.
280 2231 328 2261 2.
360 2208 424 2259 Ut
446 2209 757 2268 consolentur,
782 2208 830 2257 in
852 2223 987 2257 sensu
1010 2207 1190 2271 passivo
1213 2221 1224 2251 ε
1249 2203 1296 2252 id
1313 2211 1416 2266 est,
1449 2210 1498 2252 ut
1521 2217 1700 2252 conso‘

125 2291 343 2348 lationem
377 2287 615 2350 accipiant.
1507 2338 1509 2341 ¹
1633 2328 1635 2330 ,

199 2366 352 2427 Corda
381 2369 584 2430 ipsorum
605 2402 619 2425 ‚
647 2363 864 2412 instructi
887 2364 934 2410 in
965 2359 1214 2409 charitate.
1246 2354 1332 2409 Gr.
1360 2363 1703 2422 compactorum

128 2450 176 2496 in
201 2445 432 2496 charitate.
455 2438 630 2509 Syr.ut
649 2439 1007 2490 consolationem
1030 2438 1252 2502 accipiant
1278 2435 1414 2485 corda
1440 2451 1598 2485 eorum
1619 2472 1633 2498 ,
1656 2439 1704 2484 et

131 2541 234 2575 cum
252 2523 466 2573 charitate
489 2518 706 2576 accedant
727 2517 784 2567 ad
809 2533 995 2566 omnem
1018 2514 1304 2579 opulentiam
1327 2514 1631 2580 persuasionis
1651 2511 1700 2561 et

127 2601 185 2653 ad
206 2599 546 2666 intelligentiam
569 2596 838 2662 cognitionis
857 2594 1006 2643 arcani
1029 2589 1122 2643 Dei
1142 2588 1292 2647 Patris
1310 2599 1353 2641 et
1376 2586 1562 2640 Christi.
1618 2625 1621 2627 »
