1800 3158
908 46 917 69 l

138 81 242 143 324*
549 98 806 152 Eprs‘ronffi
843 101 913 138 An
946 103 1286 143 cotossansns

141 174 216 221 nia
237 170 351 222 mala
375 179 420 221 et
441 173 660 238 supplicia
683 177 783 241 ipse
802 177 922 227 solus
946 196 1090 247 usque
1107 181 1166 231 ad
1185 181 1324 233 finem
1346 185 1505 238 mundi
1526 190 1638 255 pati.

209 245 276 298 Ut
300 246 455 298 Deum
484 249 731 303 honoraret
751 255 928 305 infinite
949 273 962 315 3
1317 258 1323 262 ’
1651 259 1654 262 ’

207 325 275 378 Ut
299 337 535 393 peccatum
559 331 736 396 plenius
755 333 1032 393 destrueret;

216 403 284 456 Ut
303 407 514 458 homines
538 409 839 460 abundantius
857 412 1155 463 sanctificaret
1178 431 1191 469 ς

203 481 404 535 Unicum
421 493 572 535 autem
598 490 738 536 crucis
763 487 1029 552 supplicium
1056 486 1240 539 Christo
1277 507 1547 542 concessum
1572 491 1660 543 fuit
1680 529 1695 554 ‚

138 568 305 611 caetera
325 563 441 612 mala
467 564 677 614 fidelibus
707 564 924 630 dispersa.

206 635 348 701 Quod
371 645 478 704 ergo
506 643 553 690 in
575 644 731 706 spiritu
756 650 800 691 et
827 643 980 690 animo
1017 659 1174 706 passus
1205 651 1305 705 est,
1327 661 1408 694 seu
1447 643 1572 709 quod
1601 647 1696 711 pati

136 719 274 783 cupiit
302 715 536 782 Christus,
562 718 654 768 hoc
676 716 924 768 Christiani
946 718 1095 768 serunt
1119 723 1166 768 in
1188 738 1376 786 corpore
1393 757 1406 782 ‚
1431 724 1588 787 sicque
1605 721 1698 771 ad-

131 794 324 859 implent
338 813 438 860 quae
453 794 620 845 Christi
637 795 802 846 desunt
823 797 1130 859 passionibus:
1149 797 1396 863 adimplent
1415 800 1518 848 vice
1535 794 1697 849 Chris-

135 883 170 930 ti
191 919 204 944 ‚
225 882 347 949 quod
364 884 503 948 ipsius
525 886 726 949 passioni
743 882 908 945 defuit,
926 885 1052 947 juxta
1075 883 1224 933 cordis
1246 885 1362 935 illius
1387 884 1682 936 desiderium.

128 975 134 979 “
202 957 270 1023 37.
291 959 372 1010 25.
403 958 549 1026 Cujus
551 958 723 1023 sactus
736 979 839 1010 snm
859 979 939 1024 ego
958 962 1217 1011 minister...
1597 953 1615 968 ⁸

197 1034 338 1101 Cujus
357 1076 371 1101 ,
396 1039 570 1088 scilicet
588 1077 600 1101 ‚
627 1036 845 1089 Ecclesiae
869 1058 879 1087 :
901 1047 1022 1104 patet
1042 1056 1100 1088 ex
1123 1036 1209 1089 Gr.
1231 1032 1307 1101 ἧς,
1333 1038 1493 1090 femin.

199 1109 295 1175 Qui
321 1121 391 1161 est
425 1110 667 1179 Evangelii
690 1118 927 1175 minister,
965 1112 1136 1165 Christi
1162 1122 1209 1163 et
1232 1111 1457 1166 Ecclesiae
1489 1117 1695 1168 minister

129 1198 231 1250 est3
262 1185 433 1240 Christi
480 1191 666 1258 quidem
704 1195 774 1242 cui
810 1189 1218 1243 servit:Ecclesiae
1253 1196 1364 1243 vero
1402 1194 1526 1255 cuius
1563 1193 1691 1244 bono

127 1274 288 1323 servit.

193 1345 459 1399 Secundam
484 1350 891 1416 dispensationem.
920 1347 1004 1401 Gr.
1036 1352 1371 1410 oeconomiam3
1395 1349 1443 1400 id
1466 1358 1534 1401 est
1555 1386 1571 1413 ,
1604 1367 1693 1401 se-

127 1427 326 1476 cundum
342 1427 582 1493 providam
604 1427 934 1492 patrisfamilias
950 1428 1358 1492 dispensationem,
1385 1437 1474 1479 etc.
1488 1426 1575 1494 qua
1591 1428 1691 1479 fac-

123 1516 196 1559 tus
219 1526 320 1558 sum
350 1505 573 1558 Gentium
607 1504 883 1574 Apostolus;
928 1517 977 1558 ut
1017 1511 1136 1558 inter
1175 1526 1259 1558 vos
1275 1545 1287 1567 ‚
1339 1516 1387 1558 et
1425 1511 1544 1560 inter
1580 1509 1688 1561 alias

121 1594 283 1650 gentes
319 1587 706 1636 ministeri0.meo
744 1587 960 1652 impleam
995 1589 1215 1638 aeternum
1248 1582 1611 1638 Deidecretum
1641 1595 1691 1638 et

121 1664 396 1726 promissum
418 1661 475 1711 de
499 1660 650 1711 vestra
671 1665 914 1712 vocatione
937 1663 995 1712 ad
1013 1663 1222 1711 salutem.

193 1735 263 1789 Ut
292 1742 515 1806 impleam
541 1742 734 1791 verbum
765 1742 866 1791 Dei.
906 1739 1148 1810 Multiplex
1174 1748 1242 1790 est
1266 1758 1443 1792 sensus.
1471 1738 1681 1806 PrimuS,

122 1818 420 1886 quem‘modo
450 1821 595 1886 posui.

190 1894 453 1959 Secundus,
494 1906 542 1947 ut
575 1896 814 1962 impleam,
842 1915 924 1947 seu
953 1898 1359 1965 compleamverbi
1391 1895 1484 1949 Dei
1516 1899 1685 1965 praedi·

115 1978 342 2036 ,cationem
366 1966 501 2042 quam
530 1973 737 2026 Christus
760 1977 944 2040 incepit.

187 2050 274 2106 Vel
310 2062 359 2103 ut
389 2071 471 2119 per
501 2051 741 2118 Evangelii
776 2053 1150 2117 praedicationem
1189 2053 1424 2104 absolvam
1459 2069 1573 2120 opus
1599 2069 1675 2103 re-

129 2131 410 2197 demptionis
429 2132 552 2196 quod
578 2131 684 2181 fecit
705 2126 928 2180 Christus.

187 2209 517 2264 Praedicatores
538 2230 652 2279 opus
673 2213 1003 2277 redemptionis
1024 2210 1235 2261 hnmanae
1251 2212 1308 2261 ad
1321 2209 1450 2277 quod
1470 2207 1679 2261 Christus

118 2291 282 2339 missus
305 2297 374 2340 est
393 2289 636 2339 absolvunt
661 2297 705 2338 et
729 2287 992 2353 complent,
1021 2290 1176 2353 sicque
1201 2305 1314 2354 opus
1336 2283 1507 2337 Christi
1538 2287 1680 2352 perfi-

115 2369 236 2418 ciunt
273 2370 525 2419 actionibus
553 2371 670 2429 ευῐε,
709 2365 967 2432 Christique
1001 2370 1260 2432 passionem
1300 2369 1391 2418 suis
1427 2366 1680 2434 adimplent:

115 2447 421 2509 passionibus.
1023 2511 1027 2514 ⁴

183 2520 394 2586 Tertius,
418 2532 467 2574 ut
492 2522 707 2587 impleam
736 2525 886 2572 omnia
907 2521 1005 2572 loca
1028 2525 1174 2573 verbo
1199 2520 1312 2573 Dei.

185 2597 385 2663 Quartus
405 2637 417 2661 ,
444 2608 492 2650 ut
514 2599 646 2666 plene
666 2607 711 2649 et
734 2598 934 2665 perfecte
952 2604 1224 2651 annuntiem
1246 2599 1440 2649 verbum
1464 2593 1573 2647 Dei.

184 2671 242 2731 Ῠ.
260 2677 341 2728 26.
360 2679 421 2726 M
412 2679 636 2742 ysterium
656 2678 779 2743 quod
788 2679 1163 2730 absconditum...
1182 2675 1324 2741 Quod
1343 2675 1538 2727 verbum
1554 2670 1672 2735 Dei,

112 2767 195 2802 seu
229 2754 513 2818 propositum
539 2754 791 2803 vocationis
814 2750 1035 2804 Gentium
1053 2792 1067 2816 ‚
1085 2755 1355 2818 mysterium
1383 2759 1453 2803 est
1483 2757 1673 2816 praeter·

111 2829 186 2879 itis
207 2827 379 2878 saeculis
402 2835 445 2878 et
469 2830 838 2893 generationibus
858 2829 1195 2880 absconditum.

179 2899 428 2970 Prophetae
447 2906 570 2954 enirn
594 2912 641 2955 et
660 2904 807 2971 angeli
828 2941 841 2968 ,
870 2913 917 2956 ut
940 2903 1108 2956 dictum
1135 2913 1200 2957 est
1221 2905 1279 2955 ad
1298 2901 1473 2972 Ephes.
1498 2918 1596 2969 cap.
1619 2901 1672 2954 3.
