1800 3158
1484 53 1508 66 x

32 102 47 123 ’τί
108 78 170 131 ’ΪΉ
391 138 394 139 ⁷
475 107 694 144 ‘ramex
728 104 1018 144 Exposirro.
1059 92 1255 158 Cap..I.
1541 103 1638 155 297

685 251 1643 269 *ffl-*Q—-m

494 371 761 427 CAPUT
798 370 1147 449 ΡΡιιΜυΜ,

696 543 1030 608 Parophrosis.

24 728 28 736 '
93 677 156 766 P
160 736 327 773 Anms
346 757 359 781 ‚
389 719 479 771 Dei
504 722 735 774 voluntate
768 733 813 774 et
836 727 958 788 jussu
979 722 1208 790 apostolus
1238 721 1270 773 J
1276 742 1353 775 esu
1374 720 1577 787 Christi,
1600 734 1645 775 et

6 812 10 851 s
24 866 28 871 ι
111 794 389 846 Timotheus
415 797 574 847 frater:

162 888 428 942 Christianis
462 896 537 957 qui
571 903 674 943 sunt
711 892 939 957 Colossis,
980 898 1145 961 quique
1181 892 1363 945 Christo
1390 892 1505 945 Jesu
1530 896 1646 945 fide-

96 968 194 1018 liter
214 971 444 1031 serviunt,
483 970 692 1020 salutern.

167 1057 321 1110 Gratia
365 1071 409 1111 et
447 1080 537 1127 pax
573 1065 706 1113 vobis
741 1062 872 1111 detur
906 1071 951 1112 et
978 1063 1294 1127 multiplicetur
1321 1067 1347 1111 ἐι
1374 1059 1477 1112 Deo
1510 1060 1675 1127 Petrer

98 1149 284 1202 nostro,
308 1143 399 1191 eta
426 1139 628 1191 Domino
658 1150 814 1190 nostro
836 1140 945 1191 Jesu
973 1139 1174 1192 Christo,
1204 1142 1216 1143 7
1480 1144 1489 1155 '

168 1214 345 1266 Gratias
379 1215 484 1267 Deo
506 1255 519 1279 ‚
551 1216 674 1266 Patri
707 1215 898 1267 Domini
929 1221 1070 1268 nostri
1095 1215 1210 1278 Jesu
1251 1214 1447 1276 Christi,
1473 1233 1656 1281 semper

11 1285 38 1323 9
101 1295 300 1358 agimus,
331 1302 377 1343 et
404 1312 486 1358 pro
507 1297 640 1344 vobis
663 1312 867 1344 oramus:

170 1407 246 1460 Ex
273 1428 363 1475 quo
382 1411 634 1462 audivimus
650 1411 790 1460 fidem
811 1429 943 1476 quarn
967 1413 1013 1460 in
1028 1409 1259 1461 Christum
1274 1409 1640 1472 Jesumhabetis,

101 1494 150 1536 et
173 1485 437 1537 charitatem
465 1505 597 1552 quam
616 1504 720 1552 erga
742 1505 903 1537 omnes
925 1496 1103 1537 sanctos
1125 1489 1364 1538 exercetiS.

171 1577 368 1646 Propter
387 1598 518 1647 spem
552 1581 801 1631 futurorum
824 1582 1051 1632 bonorum
1082 1600 1180 1649 quae
1210 1585 1344 1632 vobis
1374 1588 1656 1632 asservantur

101 1657 149 1704 in
175 1656 300 1706 coelis
333 1658 453 1723 apud
490 1656 675 1719 Deum,
709 1666 840 1721 prout
872 1658 1053 1707 audistis
1091 1677 1172 1723 per
1196 1675 1464 1708 sermonem
1490 1655 1657 1709 Evan-

8 1720 21 1776 ’κ
101 1734 232 1798 gelfi,
258 1735 382 1802 quod
404 1744 474 1785 est
498 1739 699 1786 veritatis
721 1737 934 1787 verbum.

173 1804 316 1872 Quod
358 1806 659 1874 Evangelium
686 1813 894 1875 pervenit
924 1810 980 1859 ad
1015 1827 1130 1871 VOS,
1155 1813 1270 1860 sicut
1295 1821 1339 1862 et
1366 1813 1414 1862 in
1439 1814 1657 1862 universo
1698 1822 1702 1826 ”

105 1886 278 1936 mundo
304 1888 384 1935 ubi
410 1887 751 1937 disseminatum
789 1895 885 1942 est;
924 1895 969 1936 et
995 1885 1229 1937 fructificat
1255 1897 1299 1938 et
1321 1893 1480 1940 crescit
1497 1925 1512 1952 ,
1543 1892 1659 1942 sicut

106 1970 150 2012 et
172 1965 218 2012 in
237 1965 370 2012 vobis
394 1966 553 2014 crescit
578 1973 623 2014 et
645 1963 894 2027 fructificat,
918 1982 975 2014 ex
998 1981 1087 2029 quo
1111 1966 1292 2016 audistis
1313 1976 1357 2018 et
1379 1971 1659 2034 cognovistis

107 2041 344 2089 veritatem
372 2042 522 2104 gratiae
543 2037 648 2089 Dei.

81 2155 84 2158 ⁴
171 2153 317 2206 Prout
363 2156 580 2206 didicistis
610 2157 666 2205 ab
701 2153 914 2221 Epaphra
947 2164 1100 2206 nostro
1126 2157 1390 2209 charissimo
1434 2178 1658 2212 conservo

106 2231 277 2283 Christi
299 2230 409 2283 Jesu
423 2269 437 2295 ‚
458 2236 582 2297 cujus
599 2241 667 2282 est
684 2234 802 2298 apud
827 2251 909 2283 vos
930 2234 1075 2284 fidelis
1095 2237 1329 2296 minister;

174 2323 238 2375 Et
261 2343 340 2391 per
369 2343 506 2390 quem
528 2328 741 2377 novimus
766 2335 966 2379 vestram
1001 2345 1104 2393 erga
1126 2346 1210 2378 nos
1234 2328 1486 2380 dilectione
1498 2331 1655 2395 mspi-

108 2404 330 2455 ritualern.

112 2514 151 2556 Κ
178 2503 429 2572 Propterea
447 2541 460 2568 ‚
500 2523 560 2556 ex
593 2524 683 2572 quo
716 2508 791 2559 die
818 2507 925 2565 haec
949 2511 1203 2563 audivimus
1221 2550 1236 2576 ,
1277 2530 1373 2562 non
1411 2511 1663 2563 desivimus

108 2599 190 2645 pro
211 2583 346 2650 vobis
363 2598 509 2644 orare,
535 2590 581 2632 et
600 2581 822 2649 postulare
845 2589 871 2634 ὸ
898 2585 1002 2636 Deo
1026 2597 1075 2638 ut
1097 2589 1375 2655 impleamini
1400 2592 1662 2654 cognitione
1718 2590 1727 2603 ‘

107 2660 350 2785 voluptatis
373 2666 497 2727 ejus,
524 2680 605 2728 per
631 2663 752 2715 dona
775 2670 923 2718 omnis
951 2672 1184 2735 sapientiae
1209 2679 1252 2722 et
1290 2671 1544 2737 prudentiae
1566 2675 1663 2738 spi-

107 2742 219 2786 ritua
239 2739 290 2787 is.
448 2772 452 2776 -
542 2759 546 2762 ·

179 2865 243 2918 Ut
279 2871 418 2920 vitam
455 2868 561 2922 Deo
595 2871 778 2938 dignam
808 2875 1003 2942 discam,
1047 2883 1243 2945 scilicet,
1280 2883 1367 2947 ipsi
1395 2901 1477 2948 per
1511 2886 1665 2935 omnia
