1806 3164
113 36 212 99 148
560 44 820 84 EPISTOLAE
854 45 927 82 An
960 46 1200 86 EPnEslos

114 141 167 177 ae
200 121 503 190 spectaculum
532 119 803 171 hominibus
839 128 883 171 et
909 111 1080 186 angelis
1110 138 1236 183 esse;
1269 139 1321 173 se
1352 123 1400 172 in
1411 124 1554 178 talita
1580 119 1684 218 luce

114 203 413 253 constitutum
436 199 494 247 ab
524 199 738 249 omnibus
762 196 911 247 videri
933 204 978 247 et
1003 199 1182 247 notari·
1169 235 1182 262 ,

188 273 253 326 Et
278 281 612 339 consequenter
631 277 778 335 caute,
802 275 1124 337 circumspecte
1142 278 1454 336 conversetur,
1477 263 1686 342 quuatur

122 362 171 406 et
192 361 311 419 agat,
333 353 420 402 sibi
446 369 630 417 semper
651 358 863 400 attentus.

188 427 680 484 fi.16.Reclzmentes
699 428 898 493 tempus,
923 430 1145 493 quoniam
1165 428 1261 478 dt'es
1279 429 1398 479 mali
1415 439 1541 480 sunt.

192 506 338 572 Quasi
366 508 570 558 diceret·
594 496 831 570 Tempora
858 503 957 555 haec
987 504 1192 570 periculis
1214 504 1349 570 plena
1371 513 1476 559 sunt
1499 505 1686 568 (omnia

123 596 233 639 tunc
255 593 384 636 erant
411 583 671 634 infidelitate
703 591 749 633 et
772 581 1017 632 sceleribus
1042 583 1241 648 plena);
1270 582 1377 634 ideo
1405 585 1552 645 cauti,
1584 587 1686 635 cir·
1740 605 1747 623 ·

124 663 403 727 cumspecti,
434 662 660 724 sapientes
684 666 863 719 estote;
889 668 1069 725 tempus
1100 664 1270 710 attente
1296 660 1611 724 considerate,
1641 668 1692 714 ut

123 760 182 794 eo
208 744 330 792 bene
353 742 573 791 utamini.
608 738 715 788 illud
743 740 916 796 emite3
937 740 1195 804 quarumvis
1233 755 1385 789 rerum
1407 734 1655 804 dispendio
1672 777 1687 804 ,

125 828 302 885 captate
323 819 609 868 occasionem
632 814 948 865 benefaciendi
970 823 1015 865 et
1036 819 1082 864 in
1104 817 1271 865 virtute
1302 816 1590 882 proficiendi.

193 897 488 946 Redimentes
516 903 712 958 tempus,
735 889 1129 958 εξοιγοριιζόμενοι
1157 890 1240 940 τὴν
1273 891 1456 956 κοιηῖον,
1477 910 1688 944 mercan-

122 982 214 1035 tes,
237 980 442 1023 ementes
466 973 753 1020 occasionem
774 978 819 1019 et
843 973 1242 1034 opportunitatem.

194 1046 389 1101 Videtur
414 1045 609 1095 alludere
634 1045 691 1094 ad
713 1054 1015 1094 mercatorum
1038 1062 1242 1104 morem,
1274 1047 1349 1109 qui
1375 1044 1684 1110 undequaque

123 1134 300 1178 merces
322 1140 483 1174 omnes
514 1122 803 1173 considerant
823 1126 1015 1185 attente,
1035 1130 1086 1171 ut
1106 1120 1321 1171 meliores
1348 1129 1503 1171 emant
1522 1120 1578 1169 ad
1604 1120 1683 1170 lu·-

122 1219 249 1254 crum
274 1217 429 1260 suum,
461 1202 533 1254 cui
555 1198 638 1247 soli
659 1196 902 1247 intendunt
930 1205 975 1247 et
997 1197 1120 1262 quod
1144 1199 1357 1246 omnibus
1379 1204 1686 1261 anteponunt.

193 1278 272 1330 Sic
294 1287 339 1328 et
369 1294 452 1326 vos
477 1284 656 1342 tempus
679 1279 849 1325 attente
872 1274 1158 1324 considerate
1174 1309 1187 1334 ‚
1214 1275 1503 1322 occasionem
1525 1281 1571 1322 et
1595 1290 1690 1338 op·-

126 1359 453 1425 portunitatem
486 1356 704 1420 temporis
726 1355 863 1403 emite
880 1388 894 1414 ,
929 1350 984 1401 ea
1018 1353 1139 1400 bene
1156 1356 1335 1400 utentes
1355 1349 1414 1399 ad
1434 1347 1690 1415 profectum

127 1445 334 1487 vestrum
357 1454 371 1483 ι
404 1451 565 1484 omnes
601 1430 873 1497 proficiendi
905 1432 1170 1480 occasiones
1193 1436 1405 1495 captate,
1431 1430 1691 1495 quatumvis

126 1535 278 1570 rerum
297 1516 557 1582 dispendio·

197 1593 294 1646 Alii
327 1594 585 1659 explicant·
601 1589 810 1654 Tempus
829 1590 951 1639 bene
973 1589 1225 1638 insumite:
1247 1589 1386 1638 emite
1409 1585 1536 1649 illud,
1560 1584 1694 1636 facite

48 1736 58 1744 i
129 1677 268 1725 vobis
293 1674 552 1737 proprium,
583 1677 729 1718 toturn
760 1667 906 1716 illud
894 1683 940 1714 1n
975 1668 1109 1715 bonis
1135 1667 1350 1730 operibus
1378 1665 1620 1724 insumite,
1645 1665 1695 1711 in

128 1751 203 1802 his
233 1750 479 1815 praesertim
501 1745 663 1795 diebus
685 1743 765 1792 ubi
795 1745 1023 1807 corruptio
1057 1741 1278 1805 generalis
1308 1747 1396 1803 est,
1427 1741 1507 1789 ubi
1529 1738 1698 1789 malitia

131 1826 326 1878 inundat
345 1833 530 1888 terram,
554 1824 633 1872 ubi
650 1818 847 1886 pericula
870 1819 1004 1867 nobis
1023 1825 1130 1867 sunt
1149 1816 1367 1882 undique.

700 1965 858 2018 NOTAE
893 1980 1147 2016 mounes.

209 2125 419 2189 Tempus
441 2120 645 2182 redimit,
670 2119 745 2184 qui
764 2125 980 2167 anteactae
1014 2118 1120 2166 vitae
1143 2121 1328 2180 peccata
1348 2111 1506 2163 flendo
1528 2118 1575 2160 et
1609 2126 1712 2176 poe·

145 2201 338 2258 nitendo
359 2205 548 2263 reparat.

216 2279 428 2343 Tempus
454 2276 668 2336 redimit,
698 2275 774 2339 qui
799 2280 1039 2338 postquam
1062 2268 1202 2319 illud
1190 2286 1238 2318 in
1262 2267 1399 2331 luxu,
1423 2267 1472 2316 in
1499 2267 1722 2332 peccatiS,

149 2363 200 2412 in
218 2356 392 2407 desidia
404 2361 451 2403 et
467 2350 700 2417 tepiditate
719 2349 941 2414 prodegit,
957 2355 1006 2395 ut
1024 2345 1136 2394 illius
1151 2348 1370 2409 jacturam
1385 2359 1514 2392 novo
1529 2341 1715 2394 fervore
1730 2385 1741 2396 .

151 2440 348 2501 reparet,
379 2437 504 2479 actus
527 2429 745 2475 virtutum
771 2422 1083 2489 multiplicat,
1073 2424 1238 2485 1ejunia
1262 2419 1525 2482 condensat,
1542 2419 1715 2470 morti-

150 2513 389 2564 ficationes
411 2502 680 2569 reduplicat,
708 2517 847 2566 opera
881 2501 1003 2549 bona
1024 2497 1310 2549 accumulat
1297 2515 1345 2547 in
1377 2495 1562 2547 modico
1593 2492 1719 2562 quod

158 2594 201 2642 ei
226 2593 432 2654 superest
455 2585 566 2634 vitae
589 2589 812 2647 ternpore.

223 2669 435 2733 Tempus
459 2667 598 2715 etiarn
632 2662 842 2724 redimit,
868 2662 942 2728 qui
967 2659 1177 2725 relinquit
1196 2657 1349 2707 omnia
1378 2653 1637 2713 saecularia,
1669 2657 1725 2702 ut

157 2752 309 2821 quiete
335 2748 501 2797 fruatur
527 2742 725 2810 Deoque
752 2749 899 2793 vacet.
922 2739 1063 2791 Juxta
1084 2738 1148 2791 D.
1164 2734 1498 2804 Augustinum,
1517 2734 1649 2784 horn.
1676 2749 1725 2784 1.

152 2834 290 2883 inter.
322 2824 405 2879 50.
431 2830 545 2876 tom.
574 2840 652 2885 10,
680 2820 790 2888 quid
814 2827 883 2871 est
902 2819 1131 2870 redimere
1152 2823 1350 2882 tempus,
1374 2814 1463 2866 nisi
1483 2814 1586 2863 cum
1607 2824 1728 2876 opus.
