1800 3158
90 79 192 145 432
346 97 534 136 PRIMAE
570 97 832 139 Emsroffl
871 103 937 141 Au
967 0 1561 163 uui-:sssmmtuszstss

545 357 921 410 Commentarius
942 362 992 410 in
1024 360 1142 428 Cap.
1169 360 1219 413 3.

92 539 162 605 Jff.
195 560 239 592 1.
268 497 347 593 ΙΝ
368 542 649 608 praecedenti
670 545 816 610 capite
831 581 847 608 ‚
872 547 987 611 patri
1009 554 1054 597 et
1071 549 1201 598 matri
1222 550 1520 616 semetipsum
1537 567 1669 603 com-

0 681 5 688 *
90 620 265 683 paravit
287 614 560 684 Apostolus.

152 691 209 744 In
230 694 398 750 ultimis
415 699 624 746 versibus
643 716 838 763 pergens
861 701 918 748 in
925 696 1086 751 eadem
1107 702 1419 766 similitudine,
1449 705 1566 756 dixit
1588 723 1681 767 ses

85 789 172 822 suo
193 776 221 823 ὲ
243 771 580 824 'thessalonica
607 778 734 826 exitu
771 793 1100 844 praepropem,
1135 778 1410 833 charissimis
1437 785 1530 833 suis
1562 772 1666 836 filiis

89 849 303 900 orbatum
329 849 486 902 fuisse.
1092 890 1139 929 0
1179 888 1202 907 l

158 923 360 978 Addidit
387 928 589 994 denique
614 928 768 993 quod,
799 946 901 995 prae
914 946 1075 980 amore
1101 931 1302 991 simulet
1325 946 1550 995 moerore,
1592 951 1670 986 ar·

89 1005 359 1057 dentissime
387 1006 715 1057 desideraverit
737 1024 816 1057 eos
835 1009 1038 1058 revisere
1058 1008 1232 1074 ,idque
1253 1010 1375 1072 saepe'
1395 1003 1668 1063 vehementi

86 1085 240 1136 studio
263 1093 452 1135 conatus
487 1084 648 1147 fuerit,
677 1086 760 1136 sed
778 1085 1013 1153 hucusque
1038 1084 1225 1137 Sat-anas
1252 1086 1299 1136 id
1321 1087 1598 1153 impedierit.

155 1158 323 1222 Nunc,
356 1170 695 1228 consequenter
714 1163 772 1212 ad
799 1162 901 1212 haec
918 1199 931 1224 ‚
960 1163 1099 1214 dicit:

159 1238 361 1304 Propter
380 1241 503 1306 quod
524 1259 620 1289 non
647 1241 952 1301 sustinentes,
979 1240 1026 1290 id
1046 1246 1115 1291 est
1136 1277 1149 1301 ‚
1178 1240 1284 1290 ideo
1305 1239 1398 1291 hoc
1416 1237 1557 1291 vestri
1580 1241 1668 1292 de-

83 1317 302 1370 siderium
322 1319 488 1367 diutius
507 1318 624 1368 ferre
644 1335 740 1368 non
757 1318 913 1368 valens
930 1355 943 1380 ‚
965 1320 1106 1368 satius
1126 1318 1236 1368 duxi
1252 1314 1454 1369 Athenis
1468 1318 1665 1387 relinqui

90 1395 230 1447 solus.

151 1472 210 1525 In
234 1474 391 1541 plurali
418 1474 616 1540 loquitur
634 1513 647 1538 ,
673 1475 756 1524 sed
778 1477 826 1524 in
852 1475 1066 1540 singulari
1092 1475 1412 1541 intelligendus
1430 1513 1444 1539 ,
1471 1484 1521 1526 ut
1542 1481 1667 1542 patet

84 1544 232 1607 exff.
256 1554 302 1604 5.
331 1554 464 1618 hujus
492 1557 647 1620 capitis
665 1593 680 1618 ‚
713 1562 757 1604 et
788 1573 848 1604 ex
874 1551 985 1605 Act.
1013 1554 1092 1606 18.
1111 1557 1188 1605 ubi
1211 1552 1346 1623 Sylas
1363 1573 1467 1605 cum
1483 1553 1667 1606 Timo-

82 1631 194 1681 theo
227 1635 253 1680 ὲ
288 1629 563 1682 Macedonia
590 1632 648 1680 ad
674 1629 866 1681 Paulum
905 1629 1114 1683 Corinthi
1139 1641 1351 1698 agentern
1376 1636 1632 1686 revertitur.

153 1706 348 1776 Vulgata
372 1718 526 1760 nostra
543 1746 556 1770 ,
588 1713 928 1774 grammaticam
957 1711 1191 1776 negligens
1210 1748 1223 1771 ‚
1244 1712 1389 1777 dixit,
1414 1731 1506 1762 non
1521 1713 1666 1763 susti-

84 1797 242 1838 nentes
265 1789 451 1853 placuit
471 1789 604 1836 nobis
616 1823 632 1847 ‚
656 1788 703 1836 id
725 1796 821 1849 est,
844 1782 1133 1838 decrevimus
1150 1825 1163 1851 ,
1190 1787 1385 1837 libenter
1405 1787 1662 1852 voluimus,

85 1868 228 1917 satius
251 1867 465 1916 duximus
490 1865 681 1930 relinqui
707 1865 821 1927 soli,
842 1865 946 1915 licet
964 1863 1194 1915 hoctriste
1214 1863 1332 1914 foret
1350 1865 1504 1927 nobis,
1526 1868 1662 1931 quam

86 1962 177 1995 vos
207 1946 467 1995 necessario
490 1943 672 1992 destitui
693 1943 878 1994 auxilio.

109 2027 112 2030 ⁴
154 2020 377 2073 Pastores
404 2039 499 2072 non
527 2024 638 2083 sibi,
664 2022 747 2073 sed
771 2040 854 2073 suo
880 2025 1021 2089 gregi.

161 2094 223 2154 Ῠ.
244 2121 291 2152 2.
319 2102 382 2150 Et
412 2101 625 2149 misimus
667 2101 959 2150 Timotheum
964 2098 1173 2165 fratrem
1195 2106 1404 2148 nostrum
1421 2106 1468 2147 et
1487 2095 1663 2146 minis-

89 2188 212 2229 trum
236 2178 381 2228 Dei...
408 2175 572 2228 Graeca
594 2177 767 2229 addunt
784 2187 832 2229 et
851 2184 1196 2244 cooperatorem
1213 2184 1418 2226 nostrum
1438 2176 1486 2223 in
1502 2170 1662 2223 Evan-

148 2258 206 2309 lio
230 2256 422 2309 Christi.

87 2276 145 2325 ge
161 2332 265 2384 Tali
295 2332 597 2397 coadjutore,
624 2339 692 2381 tot
712 2339 759 2382 et
778 2333 914 2381 tantis
936 2332 983 2379 in
1008 2328 1240 2377 laboribus
1269 2334 1314 2376 et
1336 2323 1544 2392 periculis
1561 2339 1666 2374 sese

88 2415 270 2478 privare
284 2450 298 2475 ‚
331 2411 568 2478 plusquam
589 2417 778 2476 paterna
800 2408 992 2460 charitas
1014 2414 1118 2457 est:
1146 2404 1419 2456 sacrificium
1449 2411 1519 2454 est
1538 2399 1665 2453 Pau·

86 2490 183 2540 lino
211 2489 349 2540 corde
375 2488 582 2554 dignum.

153 2566 245 2616 Ad
269 2565 618 2629 confirmandos
636 2580 754 2614 vos..

153 2642 282 2696 Ecce
315 2644 458 2694 finem
493 2643 721 2692 missionis
749 2621 1019 2701 Timothei,
1051 2637 1361 2699 confirmare,
1403 2632 1664 2693 exhortari,

90 2723 346 2776 consolari.
365 2732 608 2787 utrumque
636 2721 759 2770 enim
781 2717 1005 2785 significat
1032 2718 1227 2767 verbum
1250 2730 1474 2781 graecum,
1496 2725 1669 2775 παροι-

88 2797 324 2849 notabam.

158 2876 444 2931 Confirmare
465 2876 606 2927 fortes
633 2876 682 2926 in
704 2873 797 2925 fide
819 2892 831 2924 ι
856 2870 1117 2924 vacillantes
1140 2877 1187 2921 et
1226 2867 1436 2920 infirmos
1462 2864 1522 2916 ad
1550 2881 1671 2930 per-
