1800 3158
111 91 212 170 248
505 99 769 163 Eprsrotffi
798 115 871 150 Aa
895 86 1265 155 'unimammas
1298 124 1304 130 ⁸

560 387 932 441 Commentarius
961 393 1011 442 ιή
1037 386 1158 457 Cap.
1183 391 1234 444 3.

118 538 299 639 LDE
322 591 501 635 coelero.
527 580 610 634 Gr.
646 585 886 653 reliquum.
907 584 1012 653 Syr.
1050 588 1262 652 proinde.
1287 562 1580 655 Arab.'quod
1599 607 1687 643 su—

112 678 223 727 pere
238 669 296 710 st.

178 740 425 807 Superiora
447 740 706 803 concludit,
735 750 784 792 ut
805 741 863 791 ad
882 740 966 791 alia
982 750 1192 795 transeat.

179 818 344 872 Primo
367 822 518 887 itaque
550 821 673 881 vult,
709 829 759 870 ut
791 821 863 885 ab}
871 829 973 871 ecto
995 824 1119 872 omni
1143 837 1370 884 moerore,
1405 830 1503 874 tum
1527 826 1588 874 ob
1607 842 1688 876 sua

114 898 293 951 vincula
312 937 326 962 ,
349 906 446 949 tum
472 899 533 948 ob
555 896 859 966 Epaphroditi
883 901 1095 951 morbum
1110 939 1125 966 ,
1147 903 1373 968 gaudeant
1392 903 1440 951 in
1459 898 1686 966 Domin0‚

107 996 196 1030 ‚seu
217 977 384 1043 gaudio
409 977 534 1043 quod
555 974 843 1029 Christianos
870 968 1039 1029 decetss

184 1050 332 1116 Quasi
367 1052 539 1104 diceret
566 1074 578 1104 :
606 1051 797 1104 Vincula
821 1073 921 1105 mea
946 1053 1202 1121 Evangelio
1227 1073 1324 1116 non
1362 1064 1563 1116 nocent,
1590 1059 1686 1108 irno

110 1132 376 1200 'proficiunn
401 1127 771 1197 Epaphroditum
811 1132 1015 1196 habetis,
1050 1136 1181 1184 brevi
1202 1142 1246 1184 et
1267 1133 1496 1183 habebitis
1517 1130 1692 1184 Timo-

115 1213 276 1264 theum
293 1250 306 1273 ‚
328 1229 414 1276 ego
436 1229 617 1278 quoque
641 1215 823 1276 jamiam
855 1212 1053 1264 advenio
1077 1233 1088 1262 z
1114 1216 1267 1278 itaque
1293 1214 1517 1278 reliquum
1553 1221 1622 1263 est
1642 1222 1691 1263 ut

107 1291 348 1356 ,gaudeatis
362 1326 376 1350 ‚
403 1292 621 1356 omnique
641 1291 858 1356 spirituali
879 1289 1032 1342 laetitia
1052 1291 1336 1356 repleamini.

187 1364 434 1427 Secundo,
461 1370 619 1416 transit
640 1367 696 1416 ad
724 1367 806 1416 alia
834 1367 892 1417 de
921 1370 1083 1433 quibus
1105 1369 1195 1429 jam
1218 1368 1398 1431 scripsit
1420 1366 1479 1417 ad
1506 1363 1694 1417 Roma-
1726 1373 1730 1374 ⁷

116 1463 234 1507 ῃοε,
257 1446 315 1495 ad
338 1442 545 1507 Galatas,
573 1454 616 1496 et
635 1447 693 1497 de
720 1447 883 1511 quibus
902 1446 1037 1497 multa
1055 1463 1254 1512 praesens
1280 1447 1396 1497 dixit
1409 1443 1696 1512 Philippen-

120 1528 276 1589 sibus,
298 1534 347 1576 ut
371 1535 493 1592 patet
514 1544 574 1576 ex
597 1527 687 1576 hoc
709 1530 855 1593 capite
873 1530 1032 1588 tertio,
1058 1520 1116 1579 Ῠ.
1145 1526 1206 1577 18
1238 1546 1250 1576 ι
1274 1527 1403 1593 Quos
1423 1542 1546 1591 saepe
1561 1527 1696 1576 dice-

123 1606 232 1654 bum
253 1606 386 1656 vobis
410 1642 424 1667 ‚
449 1612 496 1654 et
514 1608 618 1670 quia
639 1605 696 1654 de
719 1606 893 1655 eisdem
921 1608 1012 1668 jam
1032 1622 1158 1672 saepe
1181 1606 1297 1657 dixit
1318 1624 1331 1666 ;

191 1678 322 1730 Hinc
349 1681 510 1730 eadem
536 1683 732 1730 scribere
753 1701 846 1730 non
875 1683 996 1730 mihi
1016 1699 1152 1746 grave
1181 1690 1279 1742 est,
1300 1699 1380 1732 seu
1409 1699 1504 1732 non
1525 1698 1602 1732 me
1624 1683 1702 1745 pi-

123 1764 199 1823 get
228 1775 239 1806 ε
275 1759 408 1808 vobis
431 1767 588 1808 autem
614 1768 681 1808 est
714 1760 1024 1809 necessarium
1039 1794 1056 1818 ,
1087 1758 1287 1818 scilicet,
1316 1767 1366 1807 ut
1391 1758 1566 1807 firmius
1587 1757 1698 1807 hae-

122 1840 258 1885 :ceant
284 1835 465 1895 animo,
490 1842 630 1901 utque
650 1852 734 1884 vos
755 1833 953 1885 efficiant
975 1835 1219 1883 cautiores.

199 1903 350 1958 Vobis
378 1920 535 1961 aulem
575 1913 904 1961 necessarium.
947 1907 1032 1960 Gr.
1075 1910 1211 1959 vobis
1252 1916 1395 1959 tutum
1411 1945 1425 1970 ‚
1466 1925 1703 1960 securum.

127 1981 239 2052 Syr.
263 2003 363 2035 non
386 1987 501 2038 mihi
521 1989 656 2039 taedio
671 2026 683 2049 ‚
718 1991 774 2038 eo
800 1987 922 2052 quod
945 2004 1029 2036 vos
1049 1988 1268 2036 cautiores
1288 1984 1504 2036 efficiant.

138 2063 140 2065 ’
197 2059 256 2112 In
276 2067 367 2114 suis
390 2065 786 2117 exhortationibus
817 2066 1008 2116 consulit
1029 2062 1277 2130 Apostolus
1304 2063 1507 2114 fidelium
1528 2062 1706 2112 utilita-

130 2149 254 2201 tem,
279 2157 374 2191 non
393 2152 609 2208 gustum:
633 2146 775 2194 etubi
795 2143 905 2208 quid
936 2141 1019 2191 illis
1042 2142 1350 2191 necessarium
1370 2137 1530 2198 videt,
1553 2139 1705 2187 statim

130 2224 257 2275 hoc’
245 2225 333 2290 tpsi
353 2239 492 2288 grave
512 2240 608 2272 non
637 2230 722 2271 est.

202 2297 279 2351 Sic
305 2299 453 2348 omnis
487 2297 691 2364 praelatus
723 2298 975 2345 animarum
1009 2293 1097 2342 sibi
1137 2291 1416 2341 subditarum
1447 2290 1707 2339 necessita·-

137 2388 237 2431 tem
263 2387 308 2430 et
339 2377 593 2444 profectum
623 2376 870 2426 attendat:
901 2381 943 2423 et
967 2374 1044 2422 ubi
1068 2371 1176 2437 quid
1199 2371 1279 2420 iltis
1301 2372 1607 2420 necessarium
1635 2376 1730 2418 autc

136 2458 246 2508 utile
267 2455 651 2523 deprehenderit,
678 2454 770 2503 hoc
791 2453 875 2502 illis
896 2454 996 2501 sine
1018 2450 1156 2501 taedio
1177 2451 1513 2508 subministret3
1539 2448 1711 2498 illarum

140 2538 310 2589 saluti
297 2556 344 2588 m
365 2539 458 2587 suis
479 2535 778 2586 concionibus
801 2541 846 2581 et
876 2531 1268 2581 exhortationibus
1289 2530 1423 2579 unice
1440 2527 1658 2577 consulat.

211 2611 284 2679 JV
313 2610 562 2664 2.V1dete
589 2627 762 2660 canes.
789 2602 895 2658 V
892 2604 1042 2666 cdete
1068 2605 1116 2655 id
1140 2614 1239 2665 est,
1266 2610 1440 2653 cavete.

221 2685 406 2752 Canes,
440 2688 549 2738 olim
585 2687 676 2736 hoc
713 2692 808 2735 erat
843 2699 1014 2733 nomen
1037 2677 1294 2731 Gentium:
1319 2673 1431 2727 Non
1451 2683 1523 2731 est
1542 2675 1718 2723 bonum

153 2786 335 2819 sumere
348 2764 777 2832 panemfilzbrum,
804 2771 847 2810 et
870 2758 1050 2809 mittere
1075 2759 1288 2807 canibus.
1314 2749 1711 2807 Matth.15.26;

147 2844 234 2896 sed
259 2860 364 2896 cum
388 2844 523 2892 rebus
548 2839 756 2891 translata
781 2846 886 2888 sunt
913 2838 1133 2895 nomina3
1172 2842 1219 2884 et
1244 2829 1421 2883 Gentes
1445 2830 1630 2896 quidem
1641 2826 1718 2891 fi-

149 2925 234 2988 lii,
264 2917 419 2975 Judaei
440 2930 595 2974 autem
631 2925 852 2971 vocantur
883 2934 1047 2977 ειιηεε,
1083 2917 1144 2963 ait
1167 2911 1514 2964 Theodoretus.
