1800 3158
230 28 254 47 Ψ
265 28 267 30 .

524 127 753 181 τυπεὶς
781 128 1076 166 Exposrrro.
1113 111 1235 181 Cap.
1273 111 1388 167 III.
1631 112 1728 183 397

235 199 304 255 At
322 205 426 270 quia
441 205 808 269 concupiscentia
824 240 837 262 ‚
867 204 997 254 radix
1035 208 1228 270 peccati,
1257 207 1476 256 remansit
1495 208 1545 256 in
1568 207 1738 271 ηομες

167 292 221 336 et
247 284 353 350 quia
377 300 440 333 ex
460 282 546 332 hac
568 283 721 332 radice
745 281 957 348 pullulant
979 287 1202 350 perpetuo
1233 285 1337 334 mali
1361 279 1742 352 concupiscentiae

167 370 339 425 motus,
364 364 584 425 pravique
611 359 801 410 affectus
824 399 838 423 ‚

206 435 430 506 Hinc'per
448 440 842 490 mortificationem
865 438 963 488 illos
983 441 1197 490 continue
1218 441 1477 492 rescindere
1493 442 1736 494 debemus:

169 529 466 572 renascuntur
481 520 684 585 quotidie
698 521 1058 570 mortificationis
1080 557 1092 581 ‚
1111 521 1250 571 celtro
1269 540 1422 572 reseca
1438 525 1659 592 quotidiu.

237 596 357 648 Haec
383 605 452 647 est.
478 599 681 646 omnium
708 598 1043 662 baptizatorum
1064 600 1178 662 jugis
1196 598 1429 662 obligatio.

233 667 364 726 Ϋ..6.
387 673 582 736 Propter
608 690 710 739 quoe
730 674 858 722 venit
878 676 949 721 ira
979 674 1131 723 Delfi...

234 751 358 804 Vide
379 749 557 818 Ephes.
600 749 644 800 5.
677 744 733 804 Ῠ.
764 750 830 811 6.,
864 754 940 802 ubi
963 752 1126 802 dicitur
1149 752 1271 817 quod
1288 791 1302 816 ,
1327 756 1484 812 venit,
1515 754 1739 818 significet

165 833 243 883 hic
265 841 446 897 tempus
470 848 672 895 praesens
691 840 735 880 et
754 831 904 897 aliquo
931 831 1070 880 modo
1090 830 1309 883 futurum.

234 912 386 973 Super
406 910 538 969 filios
573 911 927 959 incredulitatis,
964 904 1076 974 Syr.
1109 911 1452 962 inobedientiae.
1482 908 1575 962 Seu
1602 913 1736 975 super

166 987 425 1040 incredulos
447 997 491 1039 et
515 989 834 1038 inobedientes
863 987 1135 1052 Evangelio·

245 1056 302 1116 Ῠ.
323 1086 368 1130 7.
396 1067 453 1114 In
476 1067 640 1130 quibus
660 1074 705 1113 et
723 1084 807 1114 vos
823 1065 1171 1116 ambulastis...-

238 1145 498 1194 Ambulare
524 1154 569 1193 et
590 1145 736 1195 vivere
772 1145 848 1193 hic
891 1144 1107 1193 disserunt
1144 1144 1267 1193 velut
1303 1152 1427 1193 actus
1459 1153 1503 1195 et
1527 1143 1740 1193 habitus:

170 1223 328 1272 Vivere
348 1226 392 1272 in
416 1231 620 1289 peccato,
647 1230 713 1271 est
746 1225 793 1271 in
834 1222 991 1272 habitu
1022 1225 1195 1286 peccati
1218 1238 1490 1286 permanere
1512 1240 1522 1268 :
1543 1222 1725 1272 ambit:

165 1301 264 1349 lore
284 1306 417 1364 vero,
440 1310 510 1351 est
540 1302 742 1350 actiones
758 1304 1096 1365 peccaminosas
1119 1302 1422 1349 committere.

174 1440 177 1443 y
234 1377 467 1444 Significat
503 1382 655 1443 itaque
684 1398 695 1427 :
734 1396 835 1442 quae
862 1387 1045 1444 peccata
1075 1387 1121 1429 et
1143 1397 1230 1429 vos
1255 1377 1496 1446 aliquando
1537 1378 1742 1427 commi-

160 1457 290 1506 sistis
314 1493 328 1518 ‚
353 1465 443 1506 etc.
467 1463 515 1506 ut
537 1459 585 1505 in
610 1455 863 1521 paraphasi.

236 1532 450 1583 Dicendo
471 1570 484 1595 ‚
511 1535 560 1582 in
589 1535 752 1598 quibus
787 1531 1099 1593 αηιόιιὶἅετιέ,
1127 1529 1380 1597 Apostolus
1405 1531 1631 1597 pudorem
1651 1534 1734 1580 in·

163 1615 278 1664 wtit
296 1651 310 1676 ‚
330 1617 391 1663 ait
419 1610 781 1681 Chrysostomus
807 1611 989 1661 :laudat
1017 1615 1128 1662 vero
1156 1614 1258 1660 cum
1285 1610 1439 1673 addit,
1467 1611 1573 1658 ciam
1603 1610 1739 1661 vioe-

168 1696 335 1743 retis...
355 1700 402 1742 ut
425 1694 502 1757 qui
524 1709 646 1742 nunc
667 1707 761 1740 non
782 1692 957 1740 vivant.

206 1760 208 1764 Ι
237 1761 296 1819 fi·
323 1767 370 1818 8.
393 1768 538 1816 Nunc
558 1777 714 1816 autem
738 1769 949 1831 deponite
969 1775 1015 1815 et
1036 1785 1118 1817 vos
1140 1766 1350 1815 omnia...

228 1841 345 1893 ‘Non
371 1844 441 1893 illa
461 1847 636 1893 tantum
659 1845 863 1907 graviora
885 1853 1067 1906 peccata
1088 1847 1135 1893 in
1155 1843 1317 1908 quibus
1339 1856 1434 1890 non
1456 1842 1609 1892 vivitis
1633 1859 1742 1892 am-

164 1919 286 1983 plius
303 1956 314 1978 ‚
340 1919 422 1968 sed
443 1928 487 1969 et
509 1922 659 1968 omnia
680 1920 847 1985 reliqua
864 1958 875 1979 ‚
905 1919 1009 1970 licet
1029 1922 1219 1969 minora.

243 1998 378 2046 Iram
391 2006 435 2045 et
448 1995 868 2061 e'ndigncitionem...
888 1997 1109 2063 explicata
1126 2004 1230 2045 sunt
1247 1992 1535 2062 haecEphes.
1551 1994 1719 2056 451131
1732 2035 1745 2047 .

242 2075 598 2140 Blasplzemiom
634 2094 651 2121 .·
685 2074 759 2123 hic
794 2075 990 2139 intellige
1020 2074 1415 2131 maledicentiam;
1445 2074 1587 2137 agitur
1614 2074 1740 2121 enim

167 2150 238 2202 de
262 2152 549 2218 blasphemia
574 2155 621 2201 in
642 2150 875 2200 homines.

242 2232 308 2296 fi.
341 2252 390 2302 9.
415 2234 575 2284 Nolite
606 2237 795 2280 mentiri
820 2234 1011 2281 invicem
1026 2266 1044 2288 ,
1078 2228 1123 2279 id
1147 2238 1246 2291 est,
1270 2229 1503 2280 fraudibus
1529 2236 1577 2278 et
1600 2245 1743 2278 men-

168 2307 312 2356 daciis
339 2325 425 2356 vos
455 2310 799 2358 circumvenire.

243 2382 551 2444 Expoliantes
590 2402 694 2445 vos*
716 2393 912 2433 veterem
950 2383 1251 2432 hominem....
1295 2379 1416 2432 Vide
1474 2378 1654 2448 Ephes.
1693 2380 1750 2442 4.

173 2454 241 2520 Ϋ.
270 2476 330 2509 22
352 2494 366 2520 ‚
394 2462 442 2509 in
485 2464 812 2511 commentario
834 2499 848 2524 ‚
885 2462 994 2526 quid
1022 2464 1079 2511 sit
1109 2469 1242 2510 vetus
1274 2459 1447 2522 home,
1483 2467 1528 2510 et
1554 2458 1609 2515 yb‘.
1643 2460 1709 2522 24
1728 2495 1744 2523 ‚

173 2535 290 2602 quid
313 2539 368 2586 sit
390 2555 556 2587 novus.
1625 2591 1640 2604 ⁸

175 2681 180 2682 ⁷
246 2613 341 2664 Hic
369 2624 475 2666 nota
502 2617 624 2683 quod
657 2633 807 2666 mores
838 2618 926 2666 sint
956 2617 1097 2664 animi
1133 2614 1310 2672 vestes;
1341 2615 1546 2664 moribus
1575 2616 1745 2682 quippe

170 2692 265 2739 suis
287 2693 566 2755 dignoscitur
582 2732 595 2754 ‚
623 2695 736 2743 sicut
762 2695 1041 2757 magistratus
1066 2691 1231 2741 infulis.

242 2763 302 2822 fi.
335 2790 414 2822 10.
447 2774 510 2821 Et
535 2775 777 2822 induentes
803 2791 1017 2824 novum...
1047 2776 1127 2837 qui
1155 2781 1399 2823 renovatur
1425 2775 1473 2824 in
1509 2775 1745 2839 cognitio-

172 2863 331 2897 nem...

240 2918 346 2989 Syr.
373 2927 449 2990 qui
471 2933 714 2979 renovatur
737 2943 820 2993 per
843 2927 1171 2990 cognitionem.
