1806 3164
150 90 248 127 ¹10
612 87 870 127 ErlsToLAE
905 91 974 128 An
1008 90 1252 130 EPnEslos
1302 96 1309 99 “

215 163 278 213 In
305 179 575 212 mensuram
599 164 774 214 oetatis.
797 159 881 214 Gr.
904 172 1100 216 slalurae.
1128 163 1237 232 Syr.
1258 174 1454 221 statura.
1543 226 1547 229 ,

213 238 467 293 Persistit
454 259 502 291 m
535 241 836 308 metaphora.
862 245 978 294 sicut
1007 246 1130 294 enim
1170 247 1397 298 naturalis
1403 236 1562 302 homo
1582 268 1712 309 sunm

146 314 289 367 habet
314 330 596 379 mensuram,
630 335 712 369 seu
738 327 918 387 aetatem
941 329 1164 370 maturam
1187 331 1233 372 et
1253 331 1468 385 staturam
1489 329 1704 394 plenam·
1690 367 1717 391 ‚.

147 398 207 445 ita
226 404 272 446 et
291 397 530 462 spiritualis
548 396 693 448 homo
716 415 842 449 suam
864 399 1005 450 habet
1027 402 1169 450 aetatis
1197 408 1242 451 et
1265 401 1572 469 plenitudinis
1581 426 1711 467 menz

148 491 319 536 suram,
342 475 389 524 id
406 483 493 536 est,
513 493 639 525 suam
656 485 867 527 staturam
884 478 1081 547 plenam,
1098 484 1283 528 aetatem
1300 489 1540 546 maturam,
1554 502 1710 546 suom·

152 567 239 616 que
264 551 619 617 plenitudinem,
659 554 829 605 scilicet
854 544 1182 620 peifectioneni
1213 555 1320 607 fidei
1350 567 1396 609 et
1427 560 1707 626 dilectioniS,

152 629 241 695 qua
261 627 469 681 Christus
489 631 738 682 formatur'
727 651 772 683 m
795 635 946 684 nobis,

221 708 448 758 Mensura
484 711 615 775 igitur
643 728 692 757 ιε
692 712 825 772 ''att-5,
848 710 1150 776 plenitudinis
1183 707 1360 760 Christi
1387 719 1456 762 est
1490 705 1708 780 perfectio

156 753 264 838 {idei
289 796 332 839 et
358 791 540 851 amoris,
562 787 648 854 quii
672 786 880 838 Christus
903 788 1119 839 formatur
1143 790 1190 837 in
1211 787 1403 840 homine
1428 789 1706 851 christiano;

153 873 312 932 estque
335 883 525 916 sensus:

225 939 283 992 Et
305 943 361 991 ad
384 959 486 991 eam
515 945 835 1008 perveniamus
860 958 988 991 mens
993 958 1146 1000 uram,
1173 958 1253 991 seu
1287 944 1498 992 staturam
1521 951 1568 993 et
1590 912 1708 997 aeta-

152 1027 267 1082 tem,
294 1037 373 1070 seu
399 1020 755 1086 perlectionem,
780 1037 866 1083 qua
889 1015 1094 1068 Christus
1130 1016 1264 1082 plene
1285 1015 1541 1067 formetur'
1528 1036 1577 1068 rn
1609 1036 1708 1070 no-

152 1098 241 1159 bis.
602 1154 605 1155 ⁷
1204 1155 1215 1164 ⁶

223 1171 418 1224 Durabit
452 1175 580 1239 igitur
603 1172 909 1222 hierarchicus
932 1172 1046 1222 ordo
1076 1170 1297 1222 Ecclesiae
1321 1188 1465 1238 usque
1491 1173 1540 1221 in
1567 1171 1710 1221 finem

152 1251 310 1300 mundi
328 1269 339 1299 ε
359 1259 465 1300 tunc
486 1253 609 1300 enim
632 1247 842 1313 pleectis
865 1250 1079 1299 omn'bus
1102 1251 1288 1311 sanctis,
1310 1249 1504 1298 cessabit
1524 1249 1572 1296 in
1593 1246 1710 1301 terra

151 1328 366 1392 praelatio.

219 1408 392 1460 Confer
413 1409 715 1474 praecedentia
743 1417 789 1459 et
816 1405 1140 1475 subsequentia
1167 1405 1376 1475 Apostoli
1392 1406 1552 1468 verba,
1573 1413 1619 1456 et
1638 1413 1709 1455 at·-

154 1489 296 1539 tende
342 1488 400 1538 de
436 1504 526 1552 quo
569 1489 687 1552 agit,
724 1495 770 1536 et
804 1486 985 1535 videbis
1022 1484 1143 1536 hunc
1181 1503 1280 1536 esse
1315 1501 1502 1535 sensum
1537 1482 1710 1533 littera-

156 1568 265 1618 lem.

1498 154 1618 175 ,λψς

688 1726 825 1763 NOTA
859 1726 1177 1762 LlTTERALlS.

223 1864 381 1932 Itaque
406 1866 528 1926 juxta
549 1871 750 1913 mentem
772 1871 817 1912 et
836 1879 1027 1927 scopum
1047 1858 1278 1926 Apostoli,
1298 1879 1517 1911 occursus
1535 1860 1595 1911 de
1618 1879 1710 1927 quo

156 1943 235 1993 hle
262 1943 579 2007 intelligendus
610 1948 676 1989 est
712 1940 770 1988 de
791 1941 1004 2004 spirituali
1039 1939 1332 2004 perfectione,
1356 1955 1491 2004 quam
1524 1937 1726 2006 quilibet·

158 2019 299 2069 homo
322 2018 591 2068 christianus
612 2019 812 2081 acquiret
835 2019 882 2065 in
904 2015 996 2066 hoc
1015 2015 1199 2066 saeculo.

222 2095 336 2147 Non
359 2103 425 2145 est
452 2112 559 2158 ergo
596 2092 910 2157 intelligendus
943 2093 1000 2143 de
1026 2093 1305 2158 perfectione
1330 2092 1544 2159 spirituali
1575 2107 1712 2156 quam

153 2174 352 2223 habituri
371 2189 525 2221 sumus
544 2174 590 2220 in
610 2170 756 2219 futuro
775 2170 941 2220 saeculo
960 2189 971 2218 :
992 2178 1098 2219 tunc
1120 2171 1244 2219 enim
1262 2186 1356 2218 non
1374 2171 1458 2219 erit
1479 2167 1614 2232 fides,
1628 2168 1714 2218 sed

155 2253 269 2303 clara
302 2253 457 2308 visi03
498 2249 621 2316 quod
649 2257 693 2299 et
723 2248 979 2298 evidentius
1004 2248 1170 2297 indicat
1206 2263 1363 2297 versus
1397 2248 1710 2313 subsequens,

157 2326 327 2392 utjam
349 2344 442 2374 non
462 2327 607 2373 simus
621 2325 803 2388 parvuli
813 2323 1174 2389 fluctuantes...-

155 2401 208 2467 Q
228 2401 341 2453 Non
373 2408 442 2450 est
463 2404 601 2450 etiam
623 2399 938 2463 intelligendus
966 2398 1041 2447 hic
1063 2398 1188 2448 locus
1214 2398 1272 2448 de
1293 2415 1535 2463 corporum
1557 2417 1715 2450 resur—

162 2480 383 2537 rectione,
409 2492 511 2524 cum
528 2474 678 2523 multis
699 2473 891 2534 Latinis,
912 2477 1165 2540 praesertim
1186 2479 1298 2525 vero
1317 2475 1614 2539 scholasticis,
1639 2482 1715 2544 qui

161 2572 242 2621 per
265 2569 527 2602 mensuram
553 2551 707 2599 oelotis
725 2552 1025 2614 plenitudinis
1052 2552 1241 2610 Christi,
1267 2550 1516 2615 intelligunt
1538 2551 1714 2616 persec⁴

162 2633 464 2698 iameorporis
482 2630 668 2680 humani
684 2639 895 2680 staturam
912 2648 1046 2696 quam
1058 2629 1213 2679 habuit
1231 2627 1454 2691 Christus,
1473 2634 1577 2679 cum
1588 2647 1717 2680 mor-

163 2719 263 2761 tuus
287 2719 355 2759 est
391 2717 437 2758 et
462 2711 734 2770 resurrexit,
760 2708 1006 2774 dicuntque
1032 2724 1194 2757 omnes
1212 2744 1224 2766 ‚
1251 2709 1387 2756 etiam
1425 2710 1499 2772 qui
1521 2706 1715 2758 infantes

161 2793 329 2842 mortui
357 2798 487 2850 sunt,
521 2778 848 2840 resurrecturos
877 2789 932 2838 ea
966 2788 1275 2854 magnitudine
1305 2797 1352 2839 et
1384 2787 1550 2840 stature
1583 2805 1719 2855 quam

162 2868 357 2918 habituri
385 2866 572 2917 fuissent
597 2883 717 2916 anno
745 2869 885 2918 aetatis
913 2883 1004 2917 suae
1030 2865 1094 2928 34
1114 2873 1189 2916 aut
1225 2865 1308 2916 35.
