1800 3158
260 116 266 129 ¹
296 107 307 154 '.
357 106 362 113 ι
392 111 397 117 ⁴
430 86 972 136 „mmnnx-Exposrrros
1000 69 1119 139 Cap.
1153 73 1224 125 Is
1266 107 1270 110 -
1364 99 1371 105 ·
1498 75 1601 147 395

405 340 407 342 ’
482 322 764 411 CAPUT
800 353 1147 412 Primum.

579 525 584 549 ²
614 546 619 551 ·
649 525 986 590 Pmphrasts.

46 664 304 771 ij'LUS,
327 716 378 760 et·v
398 706 658 775 Sylvanu3‚
679 729 758 762 seu
779 709 928 776 SylaS,
957 720 1001 762 et
1022 708 1316 770 TimotheuS‚
1331 705 1592 758 Thessalo-

45 786 294 841 nicensium
323 783 540 837 Ecclesiae
573 790 622 837 in
660 786 765 838 Deo
799 785 936 838 Patre
961 796 1008 837 et
1042 785 1246 837 Domino
1284 793 1438 835 nostro
1480 781 1595 836 Jesu

48 855 231 919 Christo
249 864 491 925 existenti,
515 880 594 913 seu
613 872 907 928 congregatas.

121 961 277 1014 Gratia
295 967 427 1016 vobis
447 974 492 1015 et
512 983 620 1032 pax.
647 963 822 1016 Gratias
843 965 948 1016 Deo
968 982 1147 1029 semper
1170 967 1342 1030 agimus
1357 981 1440 1029 pro
1464 963 1597 1013 vobis

50 1042 288 1103 omnibus,
315 1050 358 1091 et
376 1045 658 1093 mentionem
680 1044 818 1093 vestri
842 1043 1027 1092 facimus
1046 1046 1092 1092 in
1118 1042 1325 1107 precibus
1342 1043 1526 1102 nostri8‚

115 1229 440 1282 Indesinenter
473 1248 624 1281 coram
648 1229 753 1281 Deo
781 1229 917 1282 Patre
954 1239 1110 1281 nostro
1146 1247 1374 1281 memores
1409 1246 1598 1295 operum

47 1308 159 1358 fidei
179 1316 344 1358 vestrae
369 1317 412 1358 et
433 1307 638 1357 laborum
662 1309 886 1358 charitatis
904 1317 1065 1359 vestrae
1090 1318 1133 1359 et
1151 1311 1378 1374 patientiae
1399 1316 1562 1359 vestrae
1579 1343 1593 1368 ‚

49 1388 111 1436 ob
134 1403 264 1451 spem
286 1402 417 1451 quam
448 1385 625 1435 habetis
647 1388 695 1435 in
725 1384 978 1436 Dominum
1009 1395 1213 1436 nostrum
1247 1384 1407 1436 Jesum
1432 1381 1599 1434 Chris-

50 1474 161 1514 tum.

116 1541 353 1610 Siquidem
390 1545 627 1607 novimus,
670 1542 826 1594 fratres
863 1546 985 1607 mei,
1037 1548 1063 1593 a
1098 1541 1202 1594 Deo
1239 1543 1416 1606 dilecti,
1461 1541 1600 1609 qualis

47 1620 180 1673 fuerit
200 1621 360 1672 electio
389 1629 536 1674 vestra
552 1658 567 1686 ‚
589 1638 668 1673 seu
695 1625 721 1673 a
742 1623 915 1693 mundo
937 1626 1205 1689 segregatio,

119 1719 354 1784 Quoniam
378 1725 531 1769 nostra
550 1722 671 1785 apud
695 1738 779 1772 vos
801 1721 1039 1786 Evangelii
1078 1721 1337 1787 praedicatio
1365 1717 1482 1767 facta
1522 1715 1605 1767 fuit
1693 1778 1710 1786 -

49 1813 143 1848 non
165 1795 337 1850 verbali
367 1799 540 1845 tantum
573 1799 896 1863 explicatione,
939 1799 1021 1847 sed
1044 1816 1146 1847 cum
1169 1795 1489 1846 'miraculorum
1510 1811 1602 1860 po-

50 1873 192 1925 tentia
219 1872 330 1936 (seu
356 1875 661 1939 patratione),
689 1893 792 1925 curn
817 1876 1228 1924 communicatione
1251 1868 1440 1938 Spiritus
1460 1874 1602 1922 sancti

55 1950 294 2009 donorum,
315 1968 417 2000 curn
437 1949 567 2014 plena
582 1958 626 1999 et
645 1948 840 2015 perfecta
854 1953 1052 2000 veritatis
1073 1951 1363 2015 persuasione
1384 1949 1602 2014 :vosipsi

53 2028 176 2075 scitis
209 2026 360 2092 quales
382 2027 501 2092 apud
523 2044 611 2077 vos
634 2029 941 2078 exstiterimus
958 2063 971 2087 ‚
1010 2027 1153 2078 vestri
1173 2024 1303 2076 causa
1331 2024 1412 2084 (ut
1438 2040 1524 2076 vos
1545 2024 1604 2074 ad

53 2103 194 2154 fidem
214 2105 630 2166 converteremus).

130 2196 226 2261 (Et
245 2205 353 2252 sane
373 2219 468 2253 non
490 2201 655 2252 infelici
668 2218 876 2251 successu
894 2201 941 2262 3)
960 2220 1066 2252 narn
1087 2205 1331 2254 imitatores
1342 2199 1486 2252 nostri
1502 2202 1606 2252 sacti

55 2280 162 2326 estis
177 2311 192 2339 ‚
222 2287 269 2328 et
288 2276 478 2329 Domini
495 2284 663 2340 nostri,
695 2283 859 2346 quippe
879 2284 955 2347 qui
975 2285 1206 2347 recepistis
1221 2284 1415 2333 verbum
1436 2277 1604 2329 Evan-

55 2353 161 2478 gelili
202 2371 305 2403 cum
340 2356 501 2419 gaudio
541 2354 732 2421 Spiritus
773 2360 947 2420 sancti,
991 2358 1094 2408 licet
1137 2362 1254 2409 inter
1294 2357 1603 2409 tribulationes

58 2446 134 2479 mu
155 2438 237 2480 taS.

129 2521 200 2574 Ita
223 2532 272 2574 ut
287 2526 500 2576 omnibus
520 2526 728 2577 fidelibus
743 2530 791 2577 in
811 2525 1085 2579 Macedonia
1107 2539 1150 2580 et
1173 2533 1221 2579 in
1243 2526 1416 2579 Achaia
1432 2532 1609 2593 praesti·

0 2672 1 2678 ἵ
62 2604 203 2651 teritis
230 2604 491 2669 exemplum
530 2610 785 2655 constanter
809 2614 856 2656 et
891 2606 1090 2656 alacriter
1125 2614 1309 2671 propter
1338 2605 1482 2654 fidem
1520 2621 1609 2670 pa·-

62 2676 222 2726 fiendh
1398 2697 1406 2701 ·

131 2768 179 2820 A
201 2773 332 2823 vobis
356 2776 479 2823 enim
498 2773 614 2824 fama
630 2772 868 2842 Evangelii
886 2795 979 2829 non
1000 2779 1206 2830 solumin
1226 2778 1547 2830 Macedoniam
1563 2788 1610 2829 et

64 2850 110 2896 in
139 2846 359 2900 Achaiam
382 2853 611 2911 manavit,
637 2853 719 2904 sed
741 2863 788 2905 et
817 2873 969 2907 rumor
1001 2856 1111 2907 fidei
1145 2865 1308 2908 vestrae
1340 2874 1443 2922 erga
1462 2853 1619 2906 Deum
