1800 3158
137 64 240 135 476
359 80 548 119 anAE
570 80 838 132 ¹musa-omn
876 62 945 118 An
978 57 1502 126 aennssttotzicfkme‘

201 157 312 225 Ipse
330 159 451 208 enim
475 155 702 206 mediator
722 165 882 208 noster
909 166 979 209 est
999 167 1044 210 et
1064 166 1218 210 nostra
1240 145 1572 212 hostta'laui'lis.
1609 193 1612 197 .
1647 169 1655 195 ’-

204 231 371 284 Potest
394 235 532 282 etiam
555 231 646 280 hoc
672 232 859 298 intelligi
882 233 939 285 de
952 233 1056 284 ‘aliis
1083 235 1470 299 praecedentibus·
1599 244 1602 246 ’

205 313 331 362 Hoec
349 320 417 360 est
440 311 659 360 voluntas
680 311 794 370 Dei,
823 320 871 361 ut
891 313 1124 377 gaudeatis
1145 352 1158 376 ‚
1203 321 1250 363 ut
1269 312 1410 382 oretis
1429 350 1444 376 ‚
1473 323 1525 365 ut
1546 316 1711 380 gratias
1745 308 1750 345 j

137 394 276 457 agatis
290 429 302 453 ,
321 393 369 439 in
398 390 578 438 Christo
598 389 711 439 Jesu
724 426 740 449 ,
762 390 810 439 id
830 400 928 455 est,
952 410 1032 456 per
1051 390 1306 444 Dominum
1323 402 1530 446 nostmm
1546 392 1711 446 Jesum

139 467 374 520 Christum
413 477 757 537 cooperatorem
775 505 789 529 ‚
830 472 892 519 ait
931 467 977 518 T
981 470 1311 539 heophylactus
1346 490 1358 520 ε
1402 489 1486 539 per
1516 473 1710 538 gratiam

141 545 322 610 adjutor
340 549 456 607 erit,
483 547 559 611 qui
582 545 689 594 dicit
715 553 762 593 ut
784 544 878 595 fiat.
1460 542 1463 543 ⁷

70 655 74 658 «
147 661 150 663 .
212 619 341 671 Hinc
383 622 541 687 collige
583 623 664 670 tria
710 624 852 671 cuivis
874 619 1140 685 christiano}
1168 625 1438 674 necessaria.
1466 621 1677 674 Primum
1697 660 1714 687 ,

138 709 188 750 ut
214 717 310 749 non
329 694 488 749 reddat
514 699 681 749 malum
699 717 782 763 pro
818 700 952 750 malo,
981 699 1275 761 Secundum,
1315 710 1364 750 ut
1386 699 1520 751 saciat
1546 703 1725 753 bonum

142 778 277 825 etiam
301 777 467 825 malum
494 774 777 825 facientibus.
807 773 1018 827 Tertium
1035 814 1047 838 ‚
1076 785 1239 828 uttam
1264 777 1321 826 de
1337 778 1473 827 bonis
1496 782 1635 844 quam
1662 779 1722 830 de

134 850 270 902 ,matis
292 851 484 915 gaudeat
515 859 557 900 et
599 848 703 900 Deo
726 854 890 916 gratias
916 861 1032 917 agat.

211 930 427 994 Haecque
449 930 495 976 ιή
524 923 707 977 Christo
730 929 842 979 ‚lesu
863 938 1175 996 cooperatore.

210 1001 267 1061 fi.
299 1027 373 1077 19.
410 1008 636 1071 Spiritum
659 1009 804 1055 nolite
822 1012 1102 1073 extinguere.

212 1082 407 1150 Spiritus
444 1088 624 1132 sanctus
666 1084 927 1150 frequenter
951 1088 998 1135 in
1022 1084 1260 1152 Scripturis
1295 1088 1387 1151 igni
1413 1095 1715 1152 comparatur.

82 1164 84 1167 ’
146 1161 371 1226 Secundae
390 1161 518 1212 Tim.
543 1182 588 1213 1.
605 1159 672 1225 Jff.
695 1164 995 1215 §.suscitatur
1016 1168 1130 1215 sicut
1150 1168 1266 1230 ignis
1286 1169 1487 1232 sopitus:
1507 1166 1584 1216 hic
1598 1173 1713 1220 vero

142 1244 436 1306 extinguitur.

215 1317 464 1368 Suscitatur
492 1326 640 1368 autern
669 1320 878 1384 precibus
897 1319 1114 1383 assiduis,
1145 1319 1445 1370 meditatione
1466 1321 1706 1385 continua,

147 1408 368 1465 perpetuo
391 1402 567 1464 pietatis
594 1400 774 1460 studio,
810 1408 855 1449 et
881 1402 973 1464 jugi
1000 1401 1264 1464 operatione
1290 1398 1462 1450 sancta.

218 1470 532 1540 Extinguitur‚
560 1480 767 1536 econtra,
788 1476 960 1525 desidia
975 1479 1021 1525 in
1036 1475 1211 1536 Deum,
1237 1478 1390 1527 nimiis
1404 1478 1520 1526 circa
1535 1484 1715 1532 terrena

151 1555 523 1619 occupationibus
544 1591 557 1615 ‚
585 1554 837 1602 carnalibus
863 1554 1098 1603 desideriis
1113 1592 1125 1616 ,
1146 1552 1458 1610 incredulitate
1474 1589 1488 1614 ,
1509 1559 1721 1618 peccato.

216 1630 376 1696 Itaque
398 1626 623 1690 Spintum
655 1640 860 1681 sanctum
879 1668 891 1691 ‚
925 1633 972 1681 id
1011 1641 1108 1694 est,
1136 1630 1329 1698 Spiritus
1354 1634 1496 1682 sancti
1518 1632 1711 1696 gratias,

58 1730 59 1733 ¹
149 1710 469 1761 illustrationes
495 1719 539 1760 et
573 1710 788 1775 impulsus
814 1711 1005 1774 quibus,
1037 1713 1163 1776 quasi
1202 1709 1508 1774 lampadibus,
1549 1727 1635 1760 vos
1661 1711 1712 1759 in
1795 1701 1799 1709 ¹

147 1790 239 1841 hoc
278 1780 522 1858 caliginoso
565 1791 663 1841 loco
700 1790 940 1850 illuminat,
986 1790 1128 1838 nolite
1167 1793 1434 1852 extinguere
1480 1790 1631 1839 vestra
1661 1793 1712 1838 in
1788 1803 1793 1808 ’

145 1866 302 1918 Deum
324 1868 520 1927 desidia,
563 1870 713 1916 nimiis
736 1871 851 1917 circa
874 1876 1050 1918 terrena
1074 1867 1474 1931 dissipationibus,
1505 1866 1600 1918 vita
1623 1869 1713 1918 im·

146 1947 336 1998 munda.
366 1945 488 1999 Vide
511 1940 711 2011 plurafi.
739 1962 818 1995 21.

131 2088 133 2091 Ι
214 2024 364 2076 Recte
387 2034 559 2085 tamen,
583 2032 629 2073 et
649 2027 790 2089 magis
812 2024 869 2073 ad
891 2032 1098 2074 mentem
1118 2019 1330 2088 Apostoli
1353 2028 1494 2086 puto,
1523 2023 1563 2072 si
1581 2022 1717 2072 intel·
1771 2072 1776 2073 ⁷

142 2105 302 2170 ligatur
328 2105 389 2155 de
405 2102 599 2170 Spiritus
623 2106 765 2152 sancti
805 2103 962 2162 doniS‚
1004 2103 1062 2152 ad
1097 2101 1287 2151 aliorum
1328 2101 1563 2151 utilitatem
1590 2118 1711 2151 con-

145 2185 285 2231 cessis
304 2219 316 2243 ‚
341 2200 387 2229 v.
407 2198 469 2245 g.‚
497 2181 555 2230 de
578 2181 700 2229 dono
723 2181 970 2244 linguarum
988 2215 1001 2240 ‚
1039 2178 1320 2244 prophetiae,
1349 2185 1435 2228 etc.
1461 2178 1521 2228 de
1545 2180 1709 2243 quibus

141 2263 300 2326 primae
326 2258 432 2310 Cor.
466 2278 540 2308 12.
562 2267 609 2307 et
630 2275 729 2323 quae
757 2268 862 2308 tunc
887 2265 1012 2307 erant
1031 2258 1304 2305 communia.

210 2336 377 2398 Tunc,
413 2339 474 2386 ait
509 2334 885 2401 Theophylactus
924 2343 968 2384 et
1007 2332 1364 2391 TheodoretuS‚
1418 2329 1539 2394 apud
1579 2331 1706 2397 ipsos

143 2421 271 2462 erant
296 2412 532 2478 prophetae
554 2410 640 2460 Dei
660 2447 674 2471 ‚
702 2419 826 2460 erant
847 2418 890 2459 et
912 2407 1153 2474 prophetae
1180 2412 1313 2468 vani,
1340 2405 1398 2454 de
1425 2405 1590 2473 quibus
1621 2420 1712 2455 se-

142 2489 303 2538 cundae
326 2490 383 2538 ad
412 2486 623 2538 Thessal.
655 2503 755 2552 cap.
780 2507 806 2536 2
829 2507 839 2545 ;
869 2485 951 2535 sed
976 2487 1077 2549 quia
1095 2488 1318 2535 incertum
1333 2489 1427 2532 erat
1445 2483 1532 2531 utri
1553 2489 1709 2532 essent

139 2569 263 2625 veri,
292 2583 453 2630 omnes
478 2566 802 2614 aversabantur
826 2573 871 2614 et
892 2564 1189 2627 spernebant.
1373 2554 1378 2560 ¹

155 2651 159 2655 '
207 2642 336 2693 Hinc
365 2642 611 2708 Apostolus
633 2645 844 2692 omnibus
878 2642 1069 2707 loquens
1086 2679 1098 2701 ‚
1127 2659 1181 2691 ac
1201 2639 1455 2707 praesertim
1474 2635 1669 2701 praelatis
1688 2672 1705 2700 ,

137 2723 271 2772 dicit:
302 2719 454 2772 Nolite
477 2721 796 2772 charismatum
830 2719 1125 2786 spiritualium
1150 2736 1281 2768 usum
1315 2714 1593 2782 prohibere,
1615 2714 1707 2766 hoc

134 2803 260 2851 enim
283 2810 400 2851 esset
423 2799 643 2867 Spiritum
663 2808 868 2850 sanctum
890 2802 938 2849 in
956 2800 1047 2847 suis
1070 2798 1203 2849 donis
1232 2796 1520 2859 extinguere.

200 2873 257 2930 Ῠ.
288 2899 369 2932 20.
396 2874 679 2946 Prophetias
698 2880 843 2928 nolite
863 2893 1091 2944 spernere.
