1806 3164
497 74 718 114 'rnrr’mx
752 74 1047 112 Exposmo,
1086 61 1204 125 Cap.
1238 61 1316 113 11.
1375 101 1397 115 e
1526 103 1532 111 .
1615 42 1677 115 5r

193 147 264 215 ψ.
287 151 337 202 5.
366 151 485 201 Ciam
504 167 731 208 essemus,
758 165 844 198 nos
867 148 1037 198 scilicet
1056 146 1211 199 Judaei
1228 186 1241 211 ‚
1270 158 1315 200 et
1338 168 1422 200 vos
1447 147 1678 205 Gentiles,

126 235 298 282 mor-lui
316 249 395 298 per
412 239 596 299 peccata
615 238 768 280 nostra
780 267 794 293 ‚

189 306 529 372 Conoaebficavt‘t
548 325 632 356 nos
658 307 707 354 in
746 306 942 355 Christo.
981 302 1067 355 Gr.
1102 302 1318 368 Christo,
1348 309 1448 357 sine
1487 311 1555 357 in.
1577 306 1683 376 Syr.

0 433 8 440 ,
43 382 61 386 ”
126 385 325 455 vivificat
356 400 442 433 nos
485 401 587 433 cum
626 379 810 432 Christo
829 417 844 443 ‚
870 381 916 431 id
942 388 1033 445 est,
1062 382 1120 431 ad
1144 381 1484 433 similitudinem
1510 365 1686 435 &hristi

125 465 268 514 vitam
289 463 422 512 nobis
444 464 492 511 in
515 459 752 528 Baptismo
773 461 977 511 donavit.

196 546 322 599 Sicut
357 545 539 597 Christo
579 550 626 596 in
667 549 998 596 resurrectione
1045 548 1188 595 vitam
1224 545 1348 595 dedit
1386 554 1603 600 aeternam
1641 560 1689 602 et

127 630 336 687 heatam;
355 631 414 678 ita
433 629 566 678 nobis
581 631 630 678 in
646 625 884 694 Baptismo
904 627 1029 677 dedit
1042 626 1320 691 spiritualem
1335 629 1497 678 animae
1517 633 1687 681 vitam:

127 713 316 771 peccata
346 706 547 767 remisit,
573 706 788 767 justitiam
806 741 818 765 ‚
844 706 1009 753 animae
1029 705 1170 752 vitam
1195 703 1406 766 donavit,
1445 705 1584 770 idque
1606 725 1693 773 per

93 785 97 790 ’
129 779 299 833 Christi
321 786 540 847 gratiam,
566 780 654 849 qua
678 785 766 845 jam
788 781 999 831 inchoate
1024 781 1179 830 salvati
1199 798 1370 830 sumus.

199 861 263 913 Et
287 861 682 910 conresuscitavit.
706 857 809 925 Syr.
828 868 872 909 et
888 861 1102 909 excitavit
1124 875 1208 908 nos
1232 876 1334 908 curn
1353 876 1409 908 eo
1425 896 1438 922 ‚
1463 861 1509 910 id
1526 869 1622 923 est,
1648 869 1695 912 et

126 955 226 989 non
247 942 426 989 tantum
463 939 584 987 hanc
607 938 885 1003 spiritualem
923 941 1090 987 animae
1128 939 1270 986 vitam
1312 937 1466 999 dedit,
1511 957 1611 1006 quae
1627 948 1696 991 est

129 1016 366 1080 spiritualis
394 1020 694 1075 resurrecti03
721 1016 804 1066 sed
835 1024 881 1066 et
903 1034 1033 1082 spem
1063 1023 1230 1065 certam
1254 1017 1388 1065 nobis
1411 1016 1698 1078 dedit-etiam

128 1088 367 1158 aliquando
386 1129 399 1153 ‚
426 1095 471 1142 in
494 1093 585 1144 fine
620 1093 806 1154 mundi,
846 1093 1137 1158 corporaliter
1171 1093 1460 1157 resurgendi,
1481 1096 1594 1145 sicut
1616 1095 1695 1145 itte

127 1166 219 1227 jam
239 1169 499 1217 resurrexit.

197 1254 262 1302 Et
282 1255 521 1305 consedere
536 1253 714 1319 fecit...
751 1252 855 1321 Syr.
891 1274 1068 1324 nosque
1088 1255 1249 1306 sedere
1279 1255 1386 1305 fecit
1409 1274 1512 1306 cum
1539 1274 1596 1307 eo
1640 1262 1690 1308 in

130 1330 280 1394 emtis,
307 1349 388 1397 per
413 1329 576 1382 Jesum
599 1329 856 1391 Christum3
885 1333 932 1383 id
962 1343 1055 1396 est,
1086 1343 1130 1384 et
1155 1338 1241 1382 una
1278 1350 1381 1382 cum
1401 1334 1475 1383 illo
1501 1335 1693 1385 sedendi

127 1409 177 1457 in
201 1407 357 1471 gloria.

200 1487 566 1552 Conoz‘oificaoit,
596 1493 812 1554 quantum
835 1489 892 1538 ad
918 1489 1132 1538 animam.

198 1566 534 1624 Resuscitavit,
565 1569 780 1630 quantum
805 1566 861 1615 ad
884 1582 1060 1630 corpus,

201 1641 449 1690 Consedere
455 1638 579 1704 fecit
589 1677 606 1700 ,
636 1646 853 1707 quantum
882 1642 939 1692 ad
963 1649 1220 1706 utrumque.
1249 1640 1487 1694 Praeterito
1506 1661 1588 1711 pro
1610 1643 1692 1695 su-

129 1725 231 1767 turo
253 1724 438 1783 propter
463 1719 560 1782 spei
582 1718 898 1769 certitudinem
917 1755 929 1778 ‚
957 1721 1016 1767 ait
1033 1718 1164 1767 divus
1191 1718 1418 1771 Thomas.

197 1792 284 1845 Vel
310 1795 508 1844 dicamus
534 1796 657 1862 quod
677 1798 745 1860 jus
767 1798 826 1847 ad
849 1815 946 1847 rem
966 1797 1289 1862 possidendam
1310 1799 1386 1848 hic
1402 1801 1591 1866 sumitur
1606 1809 1703 1866 pros-

126 1876 192 1926 rei
213 1875 520 1939 possessione.

568 2024 691 2059 OBSE
699 2024 897 2059 RVATto
933 2023 1254 2060 DOGMATICA.

199 2137 354 2190 Gratia
375 2142 650 2208 baptismalis
666 2162 746 2194 seu
768 2143 1040 2209 justificans,
1065 2162 1167 2212 quae
1185 2149 1422 2212 spiritualis
1449 2163 1516 2203 est
1539 2173 1695 2206 resur«

127 2221 269 2268 rectio
287 2255 300 2279 ‚
343 2218 418 2267 dat
463 2222 596 2269 nobis
633 2222 702 2283 jus
744 2222 802 2270 ad
845 2223 1205 2272 resuscitandum
1243 2228 1533 2289 corporaliter
1576 2222 1694 2285 sicut

127 2293 364 2353 Christus;
394 2296 469 2346 dat
499 2306 549 2347 et·
567 2301 700 2348 nobis
727 2301 797 2361 jus
821 2300 877 2348 ad
901 2303 1289 2366 participationem
1313 2313 1493 2356 aeternae
1517 2306 1688 2364 Christi

129 2373 287 2436 gloriae
311 2393 323 2422 ι
358 2372 466 2422 hinc
505 2375 562 2424 de
588 2377 823 2441 baptizatis
856 2395 936 2439 seu
971 2378 1259 2428 sanctificatis
1285 2378 1450 2432 Paulus
1474 2388 1690 2440 audacter

130 2448 265 2498 dicit:
279 2447 383 2496 Nos
403 2450 749 2514 conotbg'ficaoit,
770 2461 814 2501 et
834 2455 1223 2516 conresuscitavit,
1244 2464 1289 2503 et
1307 2461 1546 2509 consedere
1542 2461 1693 2525 fecit.

197 2529 428 2596 Christus,
458 2546 589 2603 caput
610 2556 763 2589 meum
783 2576 795 2599 ,
819 2545 1062 2591 resurrexit
1077 2562 1088 2600 ;
1106 2560 1212 2608 ergo
1228 2551 1273 2592 et
1294 2562 1405 2609 ego,
1427 2552 1687 2605 membrum

128 2605 321 2672 Christi,
344 2630 602 2679 resurgam;
626 2613 850 2678 Christus,
873 2628 1003 2685 caput
1023 2638 1174 2670 meum
1192 2658 1204 2682 ‚
1232 2624 1434 2675 ascendit
1457 2630 1503 2676 in
1524 2630 1686 2695 coeios,

130 2689 259 2739 sedet
281 2692 338 2741 ad
354 2694 589 2746 dexteram
604 2695 693 2748 Dei
713 2716 723 2756 ;
751 2716 858 2762 ergo
877 2707 921 2749 et
941 2700 997 2750 ad
1014 2702 1150 2752 coelos
1165 2706 1406 2756 ascendam
1426 2744 1440 2771 ‚
1459 2712 1505 2760 in
1527 2712 1689 2764 coeiesv·

130 2766 251 2814 tibus
274 2784 376 2817 cum
401 2774 544 2836 capite
564 2790 669 2823 meo
689 2775 865 2824 sedebo
881 2811 893 2835 ‚
924 2779 1178 2841 quiescam,
1202 2781 1423 2845 regnabo.

197 2840 350 2895 Gratia
371 2848 502 2898 nobis
529 2851 587 2901 ad
608 2849 709 2902 haec
729 2855 882 2903 omnia
896 2854 974 2917 jus
993 2855 1145 2906 donat.
