1800 3158
495 98 720 140 TRIPLEX
757 95 1051 135 exposrno.
1088 80 1208 145 Cap.
1230 78 1306 131 11.
1581 78 1685 150 343
1760 62 1762 64 V

179 173 276 229 Hic
309 182 419 226 nota
452 173 601 241 plures
620 190 704 223 nos
710 182 789 223 trae
820 172 1179 222 circumcisionis
1210 169 1503 220 excellentias
1550 186 1685 236 supra

108 252 332 319 legalem:
350 252 452 302 haec
470 261 662 302 externa
675 259 722 301 et
737 249 951 310 carnalis,
971 257 1127 298 nostra
1145 248 1383 313 spiritualis
1407 256 1450 298 et
1467 249 1678 301 interna·
1665 289 1680 318 ,

108 331 211 382 haec
230 332 282 383 fit
299 331 540 381 hominum
558 332 800 392 manibus,
830 337 983 379 nostra
1006 327 1158 377 divina
1183 335 1276 384 est;
1299 326 1402 376 haec
1431 336 1498 378 est
1518 327 1684 379 ablatio

105 412 291 481 exiguae
316 411 518 473 corporis
542 408 781 474 pelliculae,
803 415 958 457 nostra
988 413 1055 454 est
1091 405 1296 455 liberatio
1325 405 1382 453 ab
1408 406 1534 454 omni
1573 421 1686 463 cor-

109 490 363 554 ruptione3
403 487 507 536 haec
535 491 559 536 a
597 487 695 551 lege
731 504 812 536 seu
853 488 909 535 ab
938 480 1236 544 Abraham,
1265 493 1418 533 nostra
1447 487 1473 532 a
1499 480 1684 536 Christo

108 562 192 614 fuit
217 566 451 624 instituta3
485 564 586 613 haec
608 564 748 628 figura
769 562 884 626 suit,
906 570 1058 612 nostra
1086 564 1278 611 veritas:
1295 570 1398 626 post
1417 560 1685 626 hancigitur
1711 580 1713 583 ·

111 641 279 694 Christi
297 645 687 694 circumcisionem
714 641 866 707 legalis
892 649 959 690 est
982 640 1206 706 superflua
1225 677 1240 704 ‚
1266 640 1433 690 inutilis
1454 649 1501 690 et
1527 643 1686 696 noxia.

178 717 245 781 Y.
277 737 358 769 12.
383 720 654 784 Consepulti
675 722 721 767 ei
740 720 788 766 in
816 719 1111 782 Baptismo...
1655 707 1660 713 ⁸

178 793 392 845 Declarat
416 798 672 860 expressius
693 812 797 861 qnae
816 799 872 844 sit
891 795 961 844 illa
983 790 1152 843 Christi
1173 795 1456 843 circumcisio
1478 831 1490 853 ‚
1513 793 1687 844 scilicet

109 868 375 936 Baptismus
395 907 409 932 ,
428 874 475 922 in
494 890 584 937 quo
601 880 645 921 et
660 890 739 937 per
752 889 889 936 quem
909 870 1161 935 consepulti
1183 887 1338 920 sumus
1353 887 1458 919 cum
1481 866 1686 921 Christo,

178 950 420 1002 Immersio
455 956 669 1018 baptizati
701 954 974 1020 sepulturam
1002 948 1170 1001 Christi
1196 951 1452 1017 significat,
1493 954 1608 1002 sicut
1636 959 1684 1002 et

111 1033 249 1084 efficit
271 1037 317 1084 in
342 1037 478 1084 nobis
503 1035 625 1098 quod
648 1031 815 1084 Christi
839 1034 1063 1098 sepultura
1090 1034 1335 1096 significat,
1363 1031 1560 1089 scilicet,
1588 1049 1684 1084 ve-

109 1112 217 1159 teris
245 1109 449 1160 hominis
485 1120 685 1162 mortem
717 1121 763 1162 et
798 1112 1090 1177 sepulturam.
1127 1108 1247 1161 Vide
1278 1112 1409 1175 epist.
1450 1110 1509 1160 ad
1535 1108 1683 1162 Rom.

109 1185 274 1254 cap.6.
299 1185 369 1251 35.
397 1188 430 1249 4
457 1196 500 1237 et
521 1187 568 1237 5.

174 1265 237 1313 In
267 1283 355 1330 quo
373 1275 418 1313 et
445 1268 777 1314 resurrexistis.
808 1263 892 1316 Gr.
916 1267 1191 1316 conexcitati
1213 1267 1338 1315 estis.

179 1340 290 1392 Hoc
310 1346 506 1392 emersio
529 1345 750 1408 significat
773 1345 906 1394 simul
931 1353 976 1395 et
999 1344 1162 1405 efficit,
1189 1347 1330 1394 vitam
1354 1346 1488 1394 nobis
1511 1362 1683 1395 novam

108 1420 262 1484 gratiae
283 1418 566 1471 conserendo
591 1427 636 1468 et
654 1421 724 1482 jus
744 1419 799 1467 ad
814 1419 1055 1483 gloriosam
1080 1417 1250 1470 Christi
1273 1422 1415 1468 vitam
1431 1419 1684 1485 largiendo-

177 1492 434 1557 Perfidem
449 1530 465 1554 ‚
484 1502 697 1558 tanquam
715 1495 1063 1559 dispositionem
1084 1498 1410 1559 necessariam,
1427 1502 1477 1544 ut
1492 1498 1683 1561 gratiam

107 1567 155 1617 in
177 1569 315 1618 nobis
333 1567 487 1618 divina
517 1572 680 1619 virtute
710 1570 928 1635 producat
954 1569 1233 1636 BaptismuS.

177 1644 435 1709 Per-fidem
461 1649 792 1712 operationis...
817 1665 899 1699 seu
929 1646 1016 1715 qua
1043 1649 1271 1700 credimus
1295 1645 1529 1699 Christum
1565 1662 1684 1701 orn-'e

107 1724 363 1788 nipotentifi
384 1722 472 1774 Dei
494 1729 757 1775 suscitatum
777 1729 801 1774 a
824 1728 1029 1775 mortuis.
1547 1793 1549 1795 ‚

175 1799 438 1868 Baptismus
460 1812 529 1854 est
548 1802 776 1869 sepultura
809 1807 856 1853 in
881 1812 1099 1853 mortem.
1123 1799 1287 1852 Homo
1314 1805 1435 1868 prius
1470 1804 1682 1866 moritur,

106 1882 277 1934 deinde
291 1885 536 1971 sepelitur;
566 1892 775 1948 peccator
788 1892 919 1933 vetus
942 1883 1113 1946 homo,
1137 1882 1376 1946 sepelitur,
1398 1876 1448 1933 ut
1466 1884 1685 1935 moriatur

108 1961 233 2023 ipse
262 1961 451 2026 ejusque
477 1970 713 2024 peccatum
739 1961 959 2027 putrefiat.

177 2033 306 2085 Hinc
327 2038 487 2100 jugiter
503 2040 619 2086 mori
637 2037 780 2087 debet.
801 2036 1121 2088 Christianus:
1147 2037 1254 2087 hinc
1271 2038 1445 2088 debet
1432 2057 1480 2089 1n
1499 1998 1686 2090 Ch1isto

106 2119 154 2161 et
206 2130 311 2163 cum
349 2109 533 2164 Christo
575 2116 751 2180 sepulto
802 2114 1053 2174 abscondi3
1101 2114 1274 2164 mundo
1322 2123 1557 2181 mortuus,
1600 2116 1686 2166 soli

108 2186 294 2244 Christo
315 2194 475 2243 vivere
497 2210 506 2236 τ
533 2204 580 2242 et
605 2198 708 2245 vita
728 2205 883 2245 vestra
905 2195 1180 2243 abscondita
1202 2203 1284 2243 est.

175 2264 438 2333 Baptismus
469 2280 541 2321 est
563 2276 832 2322 resurrectio
857 2276 883 2321 a
916 2281 1105 2338 peccato
1129 2271 1184 2320 ad
1223 2274 1443 2336 gratiam3
1472 2274 1529 2322 ab
1554 2267 1683 2322 Adae

70 2412 77 2415 ί
107 2343 233 2407 vita,
260 2364 359 2410 quae
386 2364 510 2398 mors
538 2358 634 2411 est,
671 2352 728 2402 ad
768 2349 939 2401 Christi
978 2354 1148 2412 vitam,
1195 2367 1301 2416 quae
1333 2355 1443 2400 vitae
1470 2351 1685 2414 gloriosae

107 2424 380 2488 principium
415 2432 526 2473 est:
567 2425 675 2476 hinc
712 2423 773 2477 ad
809 2428 930 2478 'hanc
961 2429 1148 2494 gloriam
1197 2432 1420 2494 perpetuo
1461 2427 1685 2480 debemus

104 2498 351 2560 anhelare,
380 2501 428 2549 in
462 2500 555 2550 vita
580 2506 732 2566 gratiae
773 2522 955 2572 semper
983 2506 1226 2569 proficere.
1271 2502 1391 2555 Vide
1417 2503 1536 2555 dicta
1558 2506 1600 2556 c.
1629 2501 1682 2555 6.

19 2603 22 2606 «
104 2580 237 2642 epist.
255 2578 313 2627 ad
333 2576 477 2628 Rom.

173 2646 231 2706 fi.
257 2656 335 2706 13.
361 2658 423 2706 Et
445 2675 559 2714 vos,
598 2676 702 2706 cum
730 2659 904 2706 mortui
922 2660 1147 2709 essetis...

170 2731 383 2798 Explicat
401 2737 523 2804 quod
548 2737 605 2788 de
625 2736 850 2805 sepultura
873 2746 918 2788 et
939 2741 1270 2789 resurrectione
1290 2738 1422 2790 dixit.

172 2810 241 2858 Et
261 2829 371 2871 vos,
403 2829 483 2862 seu
504 2830 620 2876 vos,
659 2817 875 2882 inquam,
907 2819 1008 2865 cum
1049 2823 1155 2866 ante
1185 2811 1340 2866 Deum
1382 2832 1466 2882 per
1496 2821 1684 2882 peccata

105 2893 256 2939 vestra
280 2892 454 2939 mortui
473 2893 644 2943 essetis.
