1800 3158
507 48 724 86 mmm-:x
758 45 1047 83 Exposrrro.
1083 31 1200 97 Cap.
1229 31 1274 82 I.
1572 29 1667 83 301
1745 34 1754 44 '

88 131 98 148 '
172 120 246 174 Ἐἰ
258 123 412 176 eidem
429 121 557 175 Patri
578 123 740 189 placuit
763 137 926 172 omnes
946 122 1033 172 sibi
1059 120 1370 181 reconciliare,
1396 120 1677 186 pacificando

107 207 194 266 per
209 201 476 264 sanguinem
492 214 632 263 quem
653 194 859 249 Christus
880 200 926 247 in
947 214 1080 258 cruce
1106 196 1468 260 fudit,terrestria
1498 204 1544 247 et
1563 213 1673 247 coe-

116 277 262 328 lestia.
1564 279 1569 287 '

183 386 248 440 Et
270 407 382 451 vos,
413 385 712 447 Colossenses
731 425 744 450 ‚
784 388 859 452 qui
901 385 1010 435 olim
1040 388 1173 436 eratis
1202 385 1441 435 abalienati
1476 388 1502 434 a
1536 382 1674 449 Deo,

118 469 228 533 quin
255 476 298 516 et
319 471 416 531 ejus
440 469 613 516 inimici
633 482 769 516 sensu
792 472 944 514 vestro
971 462 1211 528 vestraque
1239 461 1408 512 malitia
1428 498 1443 525 ,
1470 479 1552 527 per
1565 479 1674 517 ves,-

117 557 185 600 tra
211 564 352 614 opera
373 547 519 605 mala;

186 645 314 709 Vos,
350 649 532 712 inquam
551 682 563 707 ,
585 661 707 694 nunc
727 643 851 692 idem
874 639 1080 692 Christus
1111 642 1421 692 reconciliavit
1446 639 1572 693 Patri
1595 661 1677 692 suo

118 744 200 792 per
223 734 416 776 mortem
434 760 446 782 ‚
471 726 519 772 in
539 720 621 771 sub
644 737 815 770 carneo
839 737 1029 784 corpore
1055 718 1312 781 toleratam,
1337 727 1387 768 ut
1409 736 1494 768 vos
1524 719 1676 769 eidem

118 803 245 855 Patri
265 821 347 853 suo
372 801 614 853 exhiberet
636 808 848 860 saneim,
874 807 918 848 et
940 797 1272 860 immaculatos,
1300 806 1346 848 et
1374 796 1674 863 irreprehen-

119 880 294 930 sibiles.
1600 866 1602 868 ’

180 964 459 1028 'Dummodo
481 976 783 1039 permaneatis
812 975 858 1021 in
891 970 997 1019 fidei
1021 969 1318 1019 fundamento
1347 969 1466 1017 firmi
1508 976 1553 1018 et
1576 976 1678 1018 sta-

121 1057 267 1115 biles3

189 1135 301 1187 Non
331 1136 657 1185 dimoveamini
688 1138 713 1182 a
745 1150 827 1196 spe
858 1133 1089 1180 bonorum
1117 1129 1368 1180 coelestium
1391 1166 1404 1189 ‚
1436 1146 1537 1195 quae
1561 1147 1678 1195 pro-

123 1218 259 1266 mittit
279 1211 585 1278 Evangelium
611 1212 732 1277 quod
755 1210 939 1260 audistis
957 1247 970 1269 ‚

196 1293 426 1360 Quodque
446 1278 736 1357 praedieatum
758 1300 825 1340 est
852 1290 1075 1339 universis
1098 1288 1311 1352 gentibus
1343 1305 1446 1354 quae
1469 1297 1571 1339 sunt
1597 1305 1678 1354 per

126 1382 274 1424 totum
292 1371 514 1420 mundum
534 1407 547 1430 ‚

195 1445 424 1511 Cujusque
448 1443 718 1511 praedicandi
742 1459 905 1491 munus
930 1440 1042 1490 mihi
1065 1438 1207 1489 Paulo
1229 1439 1468 1491 creditum.

195 1523 290 1588 Qui
314 1522 478 1573 Paulus
517 1539 638 1570 nunc
671 1519 847 1584 gaudeo
875 1521 920 1567 in
945 1517 1262 1567 afflictionibus
1286 1535 1394 1582 quas
1429 1536 1510 1583 pro
1547 1522 1681 1572 vobis

130 1611 378 1665 vestroque
400 1602 526 1648 bono
547 1601 715 1664 patior;

149 1735 152 1738 -
203 1697 323 1762 Quia
344 1700 397 1748 iis
418 1696 642 1760 adimpleo
657 1697 703 1743 in
727 1710 856 1743 carne
880 1688 1003 1752 mea,
1034 1709 1114 1757 pro
1137 1709 1326 1757 corpore
1343 1694 1440 1755 ejus
1463 1697 1676 1761 mystico,

134 1775 305 1825 scilicet
337 1771 573 1833 Ecclesia,
615 1789 717 1838 quae
757 1771 918 1821 desunt
944 1771 1228 1835 passionibus
1257 1787 1366 1834 quas
1405 1767 1610 1821 Christus
1633 1775 1681 1823 in

132 1850 211 1903 sua
236 1869 367 1902 carne
389 1852 503 1901 tulit.

202 1969 341 2035 Cujus
368 1969 603 2026 Ecclesiae,
637 1969 818 2031 mystici
844 1963 1011 2014 Christi
1037 1966 1264 2028 corporis,
1289 1963 1429 2014 factus
1452 1982 1551 2015 sum
1585 1970 1684 2017 mi-

135 2049 296 2104 nister,
320 2050 444 2109 juxta
478 2045 714 2110 providam
742 2041 829 2091 Dei
862 2042 1247 2105 dispensationem
1264 2079 1277 2104 ‚
1303 2041 1389 2107 qut-⁴1
1417 2044 1682 2093 constitutus

137 2142 237 2174 sum
259 2121 475 2191 Gentium
499 2120 761 2186 Apostolus;
788 2127 834 2167 ut
858 2135 962 2166 meo
980 2121 1229 2168 ministerio
1254 2119 1466 2184 impleam
1488 2122 1683 2171 verbum

135 2199 223 2252 Dei
256 2201 350 2262 (de
375 2203 613 2250 vocatione
642 2195 861 2248 Gentium
883 2194 923 2255 ).

204 2295 346 2359 Quod
388 2297 580 2345 verbum
606 2295 822 2357 mysteria
867 2299 983 2341 mest
1019 2291 1188 2341 saeculis
1231 2297 1278 2340 et
1315 2295 1683 2355 generationibus

136 2375 375 2436 praeteritis
415 2371 762 2428 absconditum3
809 2387 929 2418 nunc
961 2376 1111 2417 autem
1153 2367 1490 2418 manifestatum
1519 2373 1685 2420 sanctis

138 2449 372 2516 Apostolis
393 2458 435 2499 et
461 2450 670 2499 fidelibus
693 2450 804 2497 novi
832 2445 1138 2496 Testamenti.

207 2577 388 2643 Quibus
411 2579 575 2627 sanctis
599 2574 740 2623 voluit
761 2570 886 2622 Deus
923 2583 1082 2624 notum
1108 2571 1253 2620 facere
1279 2578 1460 2635 quantae
1484 2573 1574 2620 sint
1601 2571 1686 2620 di·-

136 2658 261 2704 vitiae
283 2693 295 2716 ‚
320 2661 573 2718 quantaque
604 2650 742 2714 gloria
775 2648 907 2711 hujus
945 2649 1149 2711 mysterii
1195 2645 1316 2712 quod
1363 2649 1408 2695 in
1454 2641 1688 2696 Gentibus

122 2727 415 2796 *completum
445 2732 615 2781 scilicet
640 2730 697 2778 de
723 2725 906 2778 Christo
931 2726 1022 2778 Dei
1052 2725 1167 2777 Filio
1185 2765 1199 2791 ,
1219 2729 1294 2792 qui
1324 2735 1391 2778 est
1411 2744 1515 2793 spes
1538 2734 1684 2778 aeter-

140 2825 214 2859 nae
237 2816 397 2859 vestrae
416 2807 588 2872 gloriae,
609 2822 689 2855 seu
717 2821 846 2855 causa
871 2806 969 2871 spei
997 2811 1178 2854 vestrae.
