1806 3164
122 59 191 115 8²
593 77 846 114 EPISTOEAE
880 78 948 115 m>
981 78 1218 118 tunsum
1460 100 1466 105 ,

195 147 267 214 17.
289 165 365 201 10.
390 150 454 200 Ut
470 154 735 202 innotescat
744 155 1140 218 principatibus...
1153 152 1257 222 Syr.
1273 163 1323 206 ut
1337 152 1691 222 Ρετβωῆῄῑῃῃ
1575 167 1578 173 ·

122 228 376 277 innotescat
397 231 620 294 sapientia
642 228 735 280 Dei
757 229 1026 281 differentiis
1049 232 1180 296 plena
1197 271 1212 297 ‚
1229 235 1582 301 principatibus,
1602 246 1696 290 etc.

189 301 278 355 Gr.
305 314 354 354 ut
375 307 636 358 innotescat
669 323 821 368 nunc,
863 317 977 369 etc.;
1017 309 1063 359 id
1093 317 1191 371 est,
1227 314 1289 360 ita
1329 321 1379 362 ut
1406 331 1560 378 nunc,
1584 316 1697 382 post

123 379 260 444 hujus
274 385 482 450 mysterii
500 384 875 451 adimpletionem
890 423 902 447 ‚
922 389 1145 452 primariis
1165 389 1482 455 etiamangelis
1493 390 1698 458 perfecte

125 457 406 522 innotescat,
440 467 530 509 etc.
1384 519 1387 522 Α
1547 471 1556 475 ’

192 533 388 601 Augen,
413 536 696 602 archangeli,
717 547 827 601 etc.⁷
851 541 928 605 qui
947 575 960 599 ‚
989 547 1093 588 ante
1117 537 1500 606 Incarnationem‚
1521 551 1697 594 tantun

124 607 220 662 Dei
242 629 348 678 erga
379 623 541 679 gentes
565 617 847 675 bonitatem,
875 616 1106 683 multaque
1132 610 1310 666 Christi
1340 621 1581 685 mysteria,
1616 619 1702 671 'vel

126 695 422 758 ignorabant,
467 695 540 746 vel
567 706 794 747 noverant
832 697 1152 747 tantummodo
1192 698 1343 763 quoad
1367 701 1696 762 substantiam,

124 788 223 823 non
243 777 354 823 vero
373 775 524 840 quoad
542 777 719 840 species
735 811 748 834 ‚
766 774 930 824 modos
949 783 995 824 et
1016 777 1397 832 circumstantias;
1420 793 1502 842 per
1519 794 1572 827 ea
1592 792 1703 844 quae

126 856 255 913 gesta
283 858 388 899 sunt
413 853 460 900 in
489 847 722 910 Ecclesia3
753 867 835 917 per
869 858 934 900 tot
962 858 1008 900 et
1031 858 1155 900 tanta
1190 852 1311 901 bona
1336 850 1399 900 illi
1436 852 1625 915 collata,
1650 859 1701 903 et

126 940 208 988 per
247 932 340 975 tam
374 925 581 977 diversos
617 930 664 977 in
700 926 753 978 ea
788 928 951 991 gradus
978 935 1024 978 et
1059 929 1182 978 bene
1211 928 1456 994 dispositos
1480 929 1696 991 ordines,

127 1003 386 1055 didicerunt
409 1007 737 1058 multiformem
753 1015 797 1057 et
814 1007 1084 1058 differentiis
1101 999 1279 1074 plenam
1297 1006 1392 1059 Dei
1413 1011 1702 1075 sapientiam.

195 1081 315 1147 Seu,
337 1094 386 1136 ut
418 1090 479 1137 ait
499 1086 543 1138 T
547 1087 904 1154 heophylactus‚
933 1087 1157 1137 beneficia
1184 1095 1337 1137 nostra
1367 1089 1569 1152 magistri
1595 1096 1702 1139 sunt

128 1168 184 1217 iis
203 1170 441 1234 sapientiae
461 1167 571 1220 Dei.
1356 1180 1366 1183 ⁷

192 1244 288 1299 Per
326 1241 612 1310 Ecclesiam,
651 1264 738 1313 per
779 1242 1058 1313 Apost0103‚
1086 1264 1167 1311 per
1192 1245 1432 1308 homines,
1457 1249 1568 1312 ipsis
1598 1249 1703 1313 pri-

125 1330 285 1378 mariis
307 1329 476 1393 angelis
500 1328 725 1396 patefacta
755 1336 860 1380 sunt
880 1345 1041 1378 arcana
1062 1326 1153 1378 Dei
1176 1347 1187 1376 :
1210 1338 1404 1394 quantus
1429 1328 1582 1379 honor
1603 1327 1707 1388 ho·-

127 1406 306 1454 minum
331 1405 341 1453 ἒ

194 1479 364 1533 Paulus
382 1481 647 1548 angelorum
667 1481 963 1547 evangelista,
981 1499 1061 1532 eos
1076 1480 1340 1531 illuminavit
1357 1519 1372 1546 ‚
1389 1483 1449 1531 ait
1464 1478 1532 1533 D.
1545 1477 1702 1548 Chry·-

125 1566 378 1610 sostomus.

194 1634 323 1687 Hinc
346 1640 392 1687 in
419 1633 571 1703 Apoc.
612 1654 672 1703 ις)
689 1674 701 1697 ,
749 1656 826 1687 10.
868 1636 1014 1701 angeli
1051 1637 1135 1686 coli
1160 1637 1320 1687 nolunt
1344 1639 1402 1687 ab
1430 1634 1698 1703 Apostolis‚

128 1717 254 1782 quasi
278 1718 452 1779 majore
480 1718 527 1764 in
556 1715 808 1764 ministerio
834 1713 1076 1762 collocatis.

195 1789 294 1841 Hic
315 1799 360 1840 et
384 1787 552 1840 Paulus
583 1786 876 1839 Simonianos
905 1789 1097 1855 percutit.
1126 1790 1198 1853 qui
1226 1784 1442 1837 volebant
1464 1787 1651 1852 angelos
1673 1789 1704 1837 ὲ

125 1869 262 1919 nohis
285 1867 543 1918 adorandos
558 1903 572 1927 ,
597 1874 642 1916 et
667 1874 850 1916 nostros
872 1883 974 1916 esse
998 1865 1055 1914 ad
1076 1862 1232 1915 Deum
1255 1864 1545 1929 mediatores.

195 1941 264 2007 Y.
291 1963 312 1994 1
328 1962 368 1992 ι.
387 1944 651 1993 Secundum
673 1941 1105 2007 proefim'tt'onem....
1124 1958 1340 2005 quam..·.
1362 1937 1477 1990 Illud
1492 1977 1507 2002 ‚
1531 1957 1697 2004 quam,
1730 1958 1734 1962 ·

126 2026 175 2080 in
194 2019 367 2072 Graeco
391 2027 437 2069 et
461 2021 507 2068 in
530 2017 697 2069 Latino
721 2027 792 2069 est
814 2019 1078 2082 ambiguum
1094 2054 1109 2079 ,
1133 2023 1376 2081 potestque
1396 2013 1556 2065 referri
1577 2013 1700 2066 etad

128 2100 413 2165 sapientiam
428 2132 444 2156 ,
475 2105 521 2147 et
543 2097 600 2147 ad
619 2097 881 2146 Ecclesium
901 2132 916 2154 ‚
949 2103 995 2144 et
1017 2094 1074 2144 ad
1095 2092 1479 2159 proeszm‘tionem.

197 2174 598 2243 D.Hieronymus
613 2175 672 2224 ad
685 2175 970 2239 sapientiam
990 2171 1128 2223 refert
1151 2170 1316 2235 :aliqui
1335 2170 1393 2220 ad
1411 2168 1701 2227 Ecclesiam;

132 2257 436 2306 communiter
465 2253 521 2303 ad
540 2253 807 2303 saeculorum
824 2249 1207 2316 praefinitionem.

201 2330 331 2383 Hinc
351 2339 517 2397 praeter
539 2347 725 2380 sensum
743 2332 788 2378 in
809 2327 1069 2395 paraphrasi
1093 2325 1247 2374 datum
1267 2361 1279 2385 ‚
1305 2329 1457 2389 potest
1479 2323 1620 2372 eliam
1634 2319 1704 2370 sic

131 2409 379 2478 explicari:
403 2407 526 2473 Quae
550 2410 703 2458 omnia
728 2405 834 2457 fecit
867 2422 923 2455 eo
950 2412 1158 2468 tempore
1179 2401 1304 2467 quod
1327 2402 1385 2452 ab
1409 2409 1581 2454 aeterno
1603 2396 1704 2451 de·-

134 2493 280 2542 crevit
304 2508 356 2541 ea
378 2508 429 2541 se
450 2489 672 2540 facturum
695 2504 776 2552 per
798 2483 962 2536 Jesum
989 2477 1249 2533 Christum.

203 2565 294 2620 Vel
329 2567 585 2619 secundum
610 2565 975 2629 antiquissimum
993 2597 1006 2622 ‚
1043 2577 1124 2611 seu
1147 2567 1369 2609 aeternum
1395 2555 1709 2609 ,consitium-et

131 2647 365 2698 decretum
386 2644 511 2709 quod
532 2660 614 2708 per
637 2639 870 2692 Christum
897 2637 927 2688 J
933 2656 1061 2689 esum
1083 2643 1305 2687 executus
1327 2642 1413 2685 est.

198 2715 257 2779 Ῠ.
278 2744 356 2775 12.
376 2719 440 2772 In
459 2739 547 2788 quo
565 2717 1107 2782 habemusfideeciam....
1122 2711 1265 2763 Fides
1285 2719 1356 2761 est
1377 2712 1507 2774 origo
1525 2706 1711 2759 fiducioe

133 2809 179 2853 et
203 2800 495 2852 confidentiae
531 2799 579 2846 in
614 2791 782 2846 Deum
808 2814 820 2844 :
852 2794 1146 2844 confidentiae
1178 2789 1238 2840 ad
1266 2789 1393 2840 illum
1424 2783 1704 2846 accedendi3

134 2880 313 2932 fiduciae
330 2875 620 2944 impetrandi.
