1800 3158
184 56 287 108 2318
587 32 954 111 Btts'rOLAEMAD
988 65 1389 117 Pmtzimn‘u-:ss

102 164 106 165 ⁷
183 145 280 270 illag
293 145 592 272 {hsconditffi
615 152 923 216 vosmetipsos
937 135 1171 204 exinanite
1186 191 1198 216 ,
1219 162 1269 204 ut
1284 142 1655 211 aliorum
1662 153 1748 212 'vos

181 239 241 272 ex
279 226 289 271 i
327 226 455 272 eatis.
1263 238 1267 239 ⁷
1531 245 1534 248 ·
1586 238 1650 259 ’“”“”
1682 257 1686 260 ·

251 298 468 351 Tandem
507 304 746 354 erubescat
786 304 930 355 homo
969 310 1193 373 superbus
1230 323 1355 374 esse,
1395 321 1581 379 propter
1607 299 1746 381 quem

182 378 316 445 Deus
338 380 479 431 sactus
505 390 575 431 est
598 381 794 433 humilis.
824 382 886 434 D.
913 382 1214 452 Augustinus.

251 466 522 519 insanabilis
544 469 616 518 illa
639 472 851 535 superbia
869 508 884 534 ‚
914 490 1049 538 quam
1073 482 1198 524 tanta
1229 489 1327 524 non
1355 482 1478 525 curat
1498 474 1743 531 humilitas,

252 541 310 599 fi.
335 546 383 598 8.
409 550 689 598 Humiliooit
704 552 1027 615 semetipsum,
1043 550 1214 615 factus
1241 554 1526 604 obedIens....

253 633 462 686 Attende
482 652 605 685 nunc
627 644 672 685 et
690 635 797 685 vide
822 654 925 685 cum
944 636 1195 688 humilitate
1217 639 1446 690 charitatis
1465 641 1743 707 exemplum.

182 709 350 766 Factus
372 715 546 778 horno,
582 732 678 764 non
713 732 805 764 suae
829 716 997 767 studuit
1038 718 1241 779 utilitati;
1277 719 1360 768 sed
1394 728 1562 770 nostrae
1586 721 1741 783 saluti,

181 803 368 859 propter
397 812 531 861 quam
570 794 832 842 humiliavit
861 798 1154 860 semetipsum
1172 833 1187 856 ‚
1223 805 1269 847 et
1299 797 1507 847 obedivit
1525 800 1668 864 usque
1686 801 1743 848 ad

181 881 403 934 mortem,
427 880 472 922 et
498 880 695 921 mortem
715 871 945 922 doloribus
969 882 1014 923 et
1033 872 1285 938 ignominia
1304 873 1506 938 plenam.

250 953 471 1006 Voluntas
493 956 691 1006 humana
713 957 769 1006 ad
789 957 879 1007 duo
901 957 1073 1020 tendit,
1093 960 1153 1008 ait
1170 953 1242 1009 D.
1259 955 1468 1008 Thomas
1486 995 1502 1020 ‚
1525 958 1583 1007 ad
1603 962 1743 1010 vitam

183 1043 231 1086 et
251 1035 308 1085 ad
329 1035 555 1086 honorem
577 1055 589 1084 ε
616 1033 824 1086 Christus
845 1046 1030 1104 propter
1048 1052 1134 1090 nos
1160 1055 1254 1088 non
1277 1040 1501 1089 recusavit
1521 1048 1715 1090 mortem
1730 1079 1742 1103 ‚

180 1133 268 1168 nec
287 1117 395 1184 sugit
413 1120 725 1184 ignominiam.
1557 1125 1563 1133 '

249 1203 309 1258 Et
338 1217 524 1274 propter
545 1207 703 1257 fratres
738 1216 918 1258 nostros
955 1208 1188 1260 modicum
1225 1209 1335 1277 quid
1360 1211 1451 1276 pati
1474 1207 1740 1258 reformida·

181 1284 357 1334 bimus!

597 1429 721 1465 OBSE
730 1428 1031 1466 RVATIONES
1065 1430 1144 1466 ΜΟ
1154 1429 1326 1466 RALES.

247 1562 453 1616 Christus
479 1562 633 1624 Deus,
666 1561 868 1630 Deoque
899 1563 1079 1629 aequalis
1099 1600 1112 1626 ‚
1147 1569 1335 1630 propter
1369 1579 1524 1613 meam
1555 1561 1742 1614 salutem

161 1641 334 1708 sactus
354 1652 422 1691 est
448 1642 710 1691 obediens..

247 1719 477 1771 Obedivit
502 1711 640 1780 Deog
677 1719 803 1780 cujus
829 1733 994 1767 servus
1031 1716 1173 1766 factus
1216 1725 1286 1766 est
1326 1720 1373 1766 in
1398 1718 1741 1766 incarnatione:

177 1820 269 1851 non
289 1803 408 1850 sicut
430 1817 512 1863 ego
534 1800 638 1848 volo
654 1835 668 1860 ‚
703 1799 786 1847 sed
803 1799 925 1846 sicut
945 1806 1010 1847 tu.
1031 1794 1200 1846 Matth.
1226 1793 1309 1845 26.

250 1879 479 1932 obedivit
500 1879 796 1940 horninibus,
824 1882 849 1938 ὲ
879 1880 1042 1943 quibus
1068 1879 1194 1942 capi,
1221 1876 1445 1941 torqueri,
1471 1873 1675 1923 damnari
1697 1881 1742 1922 et

177 1961 365 2011 tandem
389 1977 439 2010 se
468 1959 666 2023 crucifigi
697 1975 850 2024 passus
875 1947 958 2007 est.
986 1953 1033 2006 Ο
1062 1959 1287 2006 immensa
1317 1953 1532 2004 charitas!
1564 1950 1592 2001 ὃ
1614 1950 1741 2022 inel-

136 2064 139 2067 >
171 2035 324 2085 fabilis
339 2035 590 2085 humilitas!

249 2117 361 2164 Hoc
393 2115 557 2164 sentite
593 2115 641 2161 in
683 2109 831 2163 νοόίε.
876 2110 1083 2176 Utraque
1123 2112 1181 2160 ab
1212 2110 1425 2158 omnibus
1462 2103 1742 2157 Christicolis

181 2193 419 2244 sentienda
455 2190 784 2255 quidem31sed
810 2194 835 2239 a
867 2189 990 2238 nullo
1016 2205 1197 2253 prorsus
1229 2182 1555 2249 concipienda3
1586 2184 1742 2233 sentiri

179 2281 359 2338 potest,
386 2273 568 2336 concipi
591 2287 686 2319 non
705 2277 871 2334 potest.

247 2347 376 2398 Hinc
400 2345 460 2397 D.
479 2343 648 2396 Paulus
672 2345 808 2409 nobis
832 2342 936 2391 dicit
958 2360 968 2388 ε
999 2340 1106 2388 Hoc
1127 2340 1314 2399 sentite,
1344 2352 1439 2386 non
1465 2334 1571 2384 dicit
1587 2337 1743 2384 conci-

183 2437 300 2502 pite;
333 2430 482 2481 cordis
504 2445 618 2495 opus
644 2426 737 2476 hoc
758 2432 826 2475 est
843 2461 855 2482 ,
886 2441 982 2473 non
1002 2424 1187 2472 mentis.

250 2508 423 2560 Taceat
445 2523 553 2572 ergo
586 2521 751 2563 mens,
792 2500 918 2551 sileat
941 2501 1117 2564 lingua;
1160 2506 1202 2549 at
1228 2498 1393 2548 sentiat
1430 2510 1509 2544 cor
1536 2491 1645 2558 quid
1681 2491 1743 2538 sit

180 2581 332 2635 Deum
359 2599 441 2648 pro
464 2581 598 2630 nobis
623 2578 813 2628 obedire
830 2614 842 2637 ‚
866 2578 985 2640 pati,
1010 2577 1142 2624 mori.

249 2660 360 2711 Hoc
390 2669 436 2709 tu
461 2659 581 2709 solus
605 2658 755 2716 nosti,
780 2653 807 2704 ὁ
841 2653 995 2703 Deus!
1028 2652 1118 2701 hoc
1141 2660 1189 2701 tu
1213 2648 1334 2699 solus
1357 2641 1710 2710 comprehendis
1731 2643 1742 2691 !

181 2738 266 2788 sed
304 2736 360 2784 da
389 2732 514 2784 cordi
538 2749 645 2781 meo
682 2732 850 2780 sentire
882 2730 991 2794 quid
1030 2726 1137 2778 Deo
1165 2731 1351 2793 propter
1387 2737 1463 2770 me
1509 2719 1744 2769 exinanito

180 2815 376 2872 debean
422 2810 531 2876 quid
557 2806 664 2859 Deo
693 2815 877 2872 propter
915 2824 993 2856 me
1015 2819 1158 2871 usqne
1186 2801 1243 2851 ad
1277 2806 1503 2860 mortem,
1549 2800 1745 2844 mortem

181 2901 336 2944 autem
358 2891 500 2941 crucis
528 2885 797 2948 obedienti,
823 2885 1007 2934 debeat.
