1800 3158
0 0 54 200 f*
180 62 185 71 '
479 50 702 118 riuum(
735 79 1024 120 ramosum.
1063 65 1182 133 Cap.
1218 64 1253 115 I
1259 65 1317 117 V
1311 104 1325 118 ·
1587 86 1683 140 277

0 203 8 223 ἃ
191 154 450 225 Ρτορὲχεεῑ
473 161 624 204 autem
653 151 725 204 illa
759 154 890 214 dies;
924 159 1027 223 quia
1049 164 1194 207 totum
1231 157 1452 222 temporis
1479 158 1688 211 intersti-

0 228 7 254 ”
124 239 268 299 tium,
290 240 498 300 respectu
520 234 782 282 aeternitatis
804 269 818 295 ‚
843 241 913 283 est
941 236 1067 299 quasi
1091 239 1327 298 punctum.

197 311 426 362 Dominus
450 309 594 373 prope}
618 315 686 356 est
706 326 721 355 .·
748 310 900 357 omnia
939 310 1074 358 brevi
1100 308 1307 358 deseram
1330 326 1341 367 3
1369 316 1419 358 ut
1445 309 1556 375 quid
1581 328 1688 387 ergo
1726 368 1731 373 p

127 393 313 437 terrena—
325 382 466 447 diligo
490 384 649 447 eisque
674 381 929 432 adhaereo?

170 457 175 462 ’
198 461 432 511 Dominus
453 460 597 523 prope}
612 467 680 505 est
693 476 708 505 .·
727 459 861 508 brevi
885 458 944 508 de
963 460 1177 508 omnibus
1202 460 1426 508 rationem
1458 477 1558 509 sum
1580 462 1706 524 red-¹

129 540 331 600 diturus;
373 547 423 589 ut
467 537 575 604 quid
619 553 730 602 ergo
758 537 987 604 superflua
1026 538 1274 604 possideo?
1303 540 1492 601 jamjam
1514 543 1690 592 ratione

127 616 384 668 redditurus
409 619 450 666 ei
471 618 547 682 qui
564 618 816 665 necessaria
837 619 1014 665 tantum
1038 614 1152 664 mihi
1171 617 1415 665 concessit.

195 695 429 743 Dominus
457 693 599 757 prop&
624 700 694 740 est
717 712 735 740 .-
764 710 874 743 ecce
908 695 1036 744 venit
1059 689 1265 742 Salvator
1289 699 1653 744 remuneraturus
1674 712 1688 754 3

125 777 178 820 ut
197 767 308 835 quid
334 770 598 834 patientiam
621 769 668 816 in
696 769 1059 819 tribulationibus
1081 767 1262 825 amitto?

196 847 425 895 Dominus
443 846 587 909 prop&
610 853 678 893 est
701 865 717 892 .-
744 847 985 909 unicuique
1005 843 1256 893 secundum
1282 861 1396 910 opus
1422 861 1554 893 suurn
1580 844 1694 893 red·

127 923 328 982 diturus;
371 923 532 989 utquid
555 939 664 987 ergo
684 922 1021 972 mundanorum
1042 920 1302 972 felicitatem
1326 931 1371 973 et
1391 922 1602 987 gaudium
1622 925 1695 972 in-

130 1001 274 1054 video
289 1001 312 1050 Ρ

202 1083 432 1132 Dominus
462 1081 601 1144 prope
630 1069 710 1128 ests
740 1096 754 1121 ··
794 1084 947 1146 itaque
970 1080 1226 1139 modestia,
1255 1077 1534 1139 moderatio,
1559 1080 1699 1128 animi

131 1157 460 1220 mausuetud0‚
492 1174 674 1208 morum
706 1160 977 1224 compositio
1011 1166 1123 1206 nola
1149 1157 1212 1205 sit
1239 1156 1455 1204 omnibus
1486 1155 1700 1204 homini-

138 1240 240 1288 bus.

208 1310 409 1364 Videant
433 1312 826 1362 mansuetudinem
854 1315 901 1361 in
922 1315 1094 1363 actibus
1109 1349 1123 1373 ‚
1151 1313 1198 1360 in
1216 1312 1407 1376 eloquiis
1425 1347 1438 1372 ‚
1469 1313 1516 1358 in
1537 1311 1704 1374 gressi-

0 1440 3 1460 ÷
141 1396 229 1445 bus
247 1395 412 1442 nostris
431 1411 443 1448 3
470 1399 628 1456 utpote
649 1394 722 1455 qui
741 1409 895 1442 sumus
918 1393 1122 1458 discipuli
1145 1389 1318 1442 Christi
1344 1409 1481 1456 quem
1500 1392 1548 1439 in
1564 1390 1703 1440 corde

0 1466 15 1516 ἕ
146 1473 365 1537 gerimuS.
877 1469 879 1471 ’
1318 1476 1323 1479 ’
1761 1462 1765 1468 ’

10 1563 18 1566 ”
214 1542 412 1596 Videant.
440 1546 700 1608 patientiam
721 1546 766 1594 in
792 1548 1107 1610 passionibus;
1133 1553 1292 1612 utpote
1310 1548 1385 1612 qui
1406 1552 1621 1594 aeternam
1641 1546 1702 1594 ob

147 1639 224 1674 eas
245 1638 462 1671 coronam
484 1629 816 1685 exspectamus.
1334 1680 1338 1682 ,

215 1696 416 1749 Videant
442 1696 734 1761 frugalitatem
762 1702 807 1748 in
834 1717 941 1759 usu3
977 1707 1134 1765 utpote
1167 1702 1243 1765 qui
1268 1698 1326 1748 de
1353 1697 1591 1763 superfluis
1625 1699 1705 1761 ju·

148 1772 335 1822 dicandi
353 1789 523 1821 sumus.

217 1848 289 1913 y.
308 1849 358 1900 6.
385 1849 526 1897 Nihil
541 1849 730 1896 solliciti
743 1851 861 1896 silis.

219 1924 342 1989 Quia
371 1927 604 1973 Dominus
623 1929 853 1989 prope-est
873 1960 888 1982 ,
926 1924 984 1974 de
1007 1925 1142 1974 rebus
1164 1924 1298 1988 liujus
1333 1924 1483 1974 saeculi
1513 1941 1572 1974 ne
1611 1925 1707 1973 sitis

149 2005 302 2053 anxii:
322 2004 453 2051 brevi
476 2004 628 2051 omnia
646 2003 787 2052 finem
807 2003 1040 2052 habebunt
1061 2037 1075 2063 ‚
1096 2003 1228 2051 brevi
1247 2004 1399 2051 omnia
1416 2005 1548 2051 vobis
1569 2001 1708 2052 dese-

151 2079 292 2130 renda
315 2087 414 2127 sunt
437 2097 448 2125 :
475 2096 533 2128 ne
555 2094 665 2143 ergo
687 2079 746 2129 de
769 2081 905 2127 rebus
928 2079 1108 2127 caducis
1129 2077 1304 2149 solliciti
1327 2080 1446 2138 sitis,
1468 2077 1550 2126 sed
1570 2085 1710 2127 aeter-

144 2173 205 2206 na
229 2156 387 2206 sedulo
410 2164 579 2206 curate.

220 2231 380 2283 Potest
416 2242 463 2282 et
498 2234 742 2299 explicari:
780 2233 1011 2280 Dominus
1042 2233 1185 2297 prope
1220 2241 1287 2300 es}
1321 2231 1376 2281 ad
1402 2231 1712 2296 opitulandum

153 2313 288 2361 vobis
311 2331 322 2359 z
359 2329 421 2361 ne
445 2329 553 2373 ergo
580 2311 767 2359 solliciti
787 2311 904 2360 sitis.
1160 2307 1163 2312 '
1539 2356 1544 2360 ,

224 2384 318 2435 Sed
337 2385 578 2434 naturalior
599 2401 758 2435 sensus
774 2384 850 2434 hic
868 2393 935 2435 est
952 2404 963 2433 z
980 2387 1310 2450 appropinquat
1327 2380 1550 2445 Salvator,
1569 2401 1709 2450 quem

156 2461 219 2512 de
253 2461 379 2510 coelis
407 2469 721 2525 exspectamus
742 2498 755 2522 ‚
782 2464 947 2527 quique
976 2464 1240 2527 patientiam
1262 2468 1307 2509 et
1331 2459 1507 2510 labores
1529 2470 1710 2514 nostros

157 2537 422 2588 coronabit:
453 2552 511 2584 ne
536 2552 642 2600 ergo
666 2553 761 2600 *vos
797 2546 928 2601 angat
962 2536 1218 2587 sollicitudo
1254 2537 1481 2584 bonorum
1505 2543 1579 2586 aut
1600 2555 1709 2587 ma·-

155 2614 303 2664 lorum
322 2613 656 2679 temporalium.

226 2697 322 2751 Sed
351 2705 399 2752 in
433 2705 581 2763 omni,
609 2701 768 2768 supple
785 2738 798 2764 ‚
827 2706 1010 2768 negotio
1027 2742 1042 2768 ,
1070 2703 1147 2755 vel
1187 2711 1413 2770 tempore.
1448 2700 1560 2753 Non
1586 2705 1710 2754 enim

159 2777 440 2842 jungendum
458 2788 526 2830 est
544 2779 634 2828 hoc
650 2782 780 2828 omni
791 2796 894 2829 cum
910 2784 1136 2842 oratione,
1162 2784 1328 2846 quippe
1351 2797 1456 2847 quae
1477 2784 1522 2830 in
1543 2777 1708 2832 Graeco

161 2854 420 2907 discordant
443 2873 641 2923 genere3
676 2852 722 2906 ἓν
760 2853 913 2906 oravit
943 2863 1145 2909 neutrius
1166 2895 1179 2920 ,
1205 2852 1466 2922 προσευχὴ
1489 2850 1729 2910 feminini.'
