1800 3158
0 0 47 266 ἶ·
425 145 640 185 rumex
676 128 959 180 Exposmo.
997 124 1121 191 Cap.
1155 127 1250 178 IV.
1509 121 1623 194 ,269

14 280 15 286 ¹
112 215 284 288 ‘Facite
307 234 408 285 quae
430 216 647 267 didicistis
663 253 676 276 ‚
704 225 751 266 et
773 216 1012 279 accepistis
1031 249 1044 276 ,
1070 221 1116 263 et
1133 211 1320 262 audistis
1339 247 1353 274 ,
1379 218 1423 262 et
1444 209 1622 262 vidistis

58 299 107 348 in
133 315 236 353 me:
269 304 316 348 et
340 293 472 346 Deus
494 297 614 362 pacis
637 296 877 345 vobiscum
902 296 1000 343 erit.

55 452 60 456 .
126 392 408 461 Magnopere
431 397 611 461 gavisus
635 411 733 444 sum
748 431 763 455 ‚
793 393 879 443 sed
901 391 1067 457 gaudio
1091 390 1310 456 spirituali
1333 398 1377 440 et
1403 390 1621 440 christia-

3 511 12 519 .
57 488 120 521 no
138 508 151 532 ,
178 475 280 538 quia
302 472 486 522 tandem
512 471 750 537 aliquando
772 468 1026 519 reviruistis
1054 477 1101 518 et
1121 467 1386 518 refloruistis
1407 503 1421 527 ‚
1443 476 1490 517 ut
1506 465 1666 539 mihiq

0 597 1 600 ,
54 540 495 601 beneafficeremini
510 587 524 612 ‚
554 552 666 599 sicut
687 557 732 599 et
757 557 888 598 antea
908 548 1229 597 afficiebamini
1252 566 1261 595 :
1284 547 1330 595 id
1350 553 1418 594 est
1435 582 1449 605 ‚
1483 548 1621 595 revi-

14 651 19 653 “
56 634 150 696 guit
169 649 220 682 ac
244 631 443 682 refloruit
465 640 618 682 vester
640 648 745 695 erga
768 648 844 680 me
867 629 1082 687 affectus3
1111 637 1352 694 vestraque
1372 625 1469 679 mei
1489 626 1620 676 solli-

56 708 214 758 citudo.
265 706 352 773 qua
385 707 597 758 solebatis
632 705 724 757 mei
758 724 909 756 curam
945 724 1102 772 gerere
1136 726 1147 754 :
1174 706 1255 755 sed
1282 705 1620 772 opportunitate

25 810 27 812 *
53 783 441 834 destituebamini.
632 781 650 791 ””

120 858 234 911 Non
257 863 380 926 quod
404 864 816 928 penuriam‘passus
843 863 927 911 sim
949 861 995 911 id
1016 861 1120 910 dico
1145 859 1348 922 (scilicet
1365 858 1486 926 quod
1505 874 1619 922 gau-

52 933 216 998 deam,
245 946 332 987 etc.
355 936 411 996 );
449 954 534 1001 ego
563 940 684 986 enim
716 937 855 987 didici
874 930 925 987 'ut
949 937 1059 987 mihi
1080 935 1269 986 sufficiat
1297 936 1343 985 id
1370 935 1494 1002 quod
1524 933 1638 984 ha-*

52 1011 144 1060 beo
161 1048 172 1069 ‚
198 1029 306 1075 seu,
331 1015 378 1062 in
397 1015 453 1063 iis
474 1015 521 1062 in
545 1015 707 1078 quibus
730 1032 831 1064 sum
852 1022 1092 1064 contentus
1117 1030 1234 1061 esse.
1513 1030 1515 1034 ¹
1587 1012 1590 1015 ’

124 1083 251 1137 Novi
273 1088 528 1149 humiliari,
559 1093 669 1139 novi
699 1099 743 1140 et
767 1089 998 1139 abundare
1025 1087 1105 1152 (in
1134 1091 1347 1138 omnibus
1371 1089 1615 1139 eventibus

51 1162 110 1211 ad
145 1167 297 1214 omnia
331 1182 431 1214 sum
466 1167 691 1215 institutus
709 1175 755 1215 et
790 1166 1061 1226 instrnclu5‚
1090 1183 1170 1215 seu
1206 1164 1535 1226 exercitatus),
1570 1172 1618 1215 et
1675 1165 1682 1167 ”

0 1270 23 1294 -·
47 1241 196 1287 satiari
221 1256 407 1303 possum
428 1248 474 1288 et
503 1243 670 1290 esurire
689 1278 702 1303 ‚
739 1249 785 1290 et
806 1241 1037 1290 abundare
1058 1247 1104 1289 et
1131 1243 1366 1304 penuriam
1389 1240 1498 1304 pati.

119 1340 293 1394 Omnia
316 1362 501 1409 possum
535 1348 857 1394 corroborante
879 1362 952 1394 me
977 1342 1177 1395 Christo.
1198 1341 1281 1393 Gr.

4 1478 5 1482 ,
115 1424 446 1479 Verumtamen
471 1431 591 1480 bene
617 1430 811 1490 fecistis,
843 1433 917 1497 qui
941 1429 1173 1478 alssictioni
1198 1448 1314 1480 meae
1337 1432 1610 1480 communi-

1 1521 8 1526 ·
52 1503 218 1566 casti&
242 1525 343 1570 seu,
381 1512 456 1573 qui
492 1527 572 1574 per
600 1518 856 1560 vestrorum
886 1512 1115 1559 bonorum
1151 1512 1614 1560 communicationem

53 1599 204 1632 meam
226 1585 498 1635 sublevastis
520 1588 736 1650 inopiam.

7 1663 10 1666 ’
118 1657 252 1710 Scitis
294 1671 445 1712 autem
484 1672 528 1713 et
570 1681 687 1724 vos,
731 1657 1055 1729 Philippenses
1081 1701 1095 1727 ‚
1137 1665 1260 1732 quod
1298 1669 1344 1716 in
1388 1667 1612 1730 principio

42 1732 287 1801 Evangelii
304 1741 445 1801 *vobis
470 1744 496 1789 ὲι
519 1758 594 1790 me
618 1740 879 1805 praedicati,
919 1741 1099 1805 quando
1124 1745 1246 1790 exivi
1270 1746 1295 1790 a
1327 1739 1611 1793 Macedonia

0 1822 2 1824 ’
44 1820 96 1861 ut
118 1815 233 1863 irem
270 1817 317 1864 in
344 1812 570 1865 Achaiam
590 1853 603 1876 ‚
629 1817 764 1865 ·nulla
800 1814 1011 1868 Ecclesia
1039 1817 1152 1865 mihi
1185 1817 1431 1881 quidquam
1456 1818 1612 1867 tribuit

44 1887 169 1949 quod
194 1887 411 1938 referrem
434 1893 479 1939 in
501 1890 708 1939 codicem
743 1890 953 1939 datorum
978 1899 1024 1939 et
1048 1899 1338 1957 acceptorum
1361 1911 1371 1950 ;
1413 1891 1496 1942 sed
1520 1908 1612 1941 vos

48 1965 133 2014 soli
153 1970 387 2018 tribuistis.
1052 1965 1056 1967 ‚

110 2041 230 2094 Mihi
256 2048 406 2107 enim,
442 2050 546 2096 cum
582 2064 732 2096 essem
768 2045 1142 2111 Thessalonicae,
1179 2050 1322 2099 semel
1357 2058 1403 2100 et
1442 2053 1611 2102 iterum

40 2126 226 2175 misistis
247 2127 293 2176 id
322 2145 411 2194 quo
432 2127 612 2191 adjusus
635 2145 762 2179 meos
781 2130 1058 2194 indigebam.

107 2217 218 2270 Non
245 2219 343 2272 hac
366 2221 469 2274 dico
486 2260 499 2284 ‚
524 2227 646 2290 quasi
670 2229 893 2292 requiram
915 2245 1100 2277 munera
1122 2249 1133 2285 ;
1175 2228 1256 2278 sed
1276 2232 1458 2294 requiro
1475 2237 1524 2279 ut
1544 2230 1605 2280 ob

39 2312 93 2345 ea
112 2295 278 2347 fructus
301 2308 345 2348 et
378 2300 547 2350 lucrum
576 2304 811 2353 abundans
835 2307 1100 2355 inscribatur
1127 2308 1176 2355 in
1206 2307 1455 2355 rationibus
1488 2324 1608 2359 ves-

6 2379 9 2382 ’
41 2375 137 2422 tris.

0 2520 9 2525 V·
107 2448 287 2515 Recepi
308 2460 455 2502 autem
478 2457 631 2504 omnia
651 2494 665 2519 ‚
686 2467 731 2507 et
753 2461 958 2522 abund0‚
982 2479 1033 2512 ac
1053 2462 1248 2527 repletus
1262 2480 1385 2523 sum,
1408 2463 1606 2529 acceptis

36 2529 304 2577 muneribus
326 2546 426 2593 quae
449 2530 560 2579 mihi
583 2549 664 2596 per
689 2531 1053 2600 Epaphroditum
1074 2541 1259 2588 misistis
1297 2557 1307 2586 :
1337 2538 1607 2588 sacrificium

35 2601 174 2666 bona}
194 2603 444 2670 fragrantiae
460 2642 474 2668 ‚
498 2605 646 2656 hostia
671 2605 776 2660 Deo
796 2620 981 2678 accepta
1004 2631 1058 2663 ac
1080 2614 1379 2679 beneplacita.

103 2744 259 2798 Deum
285 2767 445 2812 precor
468 2761 516 2801 ut
534 2790 548 2814 ‚
575 2770 656 2817 pro
682 2755 760 2806 suxi
796 2760 1023 2824 opulentia
1050 2799 1062 2823 ‚
1095 2780 1283 2819 omnem
1306 2773 1505 2815 vestram
1530 2768 1602 2815 in·

43 2820 287 2885 digentiam
308 2824 509 2889 impleat,
525 2826 692 2893 detque
707 2833 841 2882 vobis
858 2835 1044 2899 gloriam
1064 2854 1146 2901 per
1161 2835 1193 2887 J
1198 2855 1326 2888 esum
1348 2835 1603 2890 Christum.
