1800 3158
67 95 70 103 ’
116 106 217 161 285
513 98 783 159 ems-mm}
817 121 905 158 An
927 102 1276 162 Pammenis&
1532 177 1542 187 ,

177 195 255 248 Ne
281 197 486 247 videatur
508 196 608 246 illos
634 193 706 245 sui
732 193 872 260 gratia
905 193 1110 257 laudare,
1138 210 1220 244 seu
1247 180 1672 260 propte-rm*-

106 278 282 326 timiam
304 276 626 353 corporalem.
649 277 764 325 sicut
787 277 909 340 prius
938 274 1081 337 dixit,
1110 292 1203 322 non
1223 276 1358 339 quasi
1372 271 1671 374 propiet-pie*-

105 355 323 404 narium.
331 356 430 405 ‚ita
455 371 593 405 nunc.

167 424 285 484 Non
311 455 420 501 qma
446 454 598 502 quoero
621 435 785 484 datum
805 472 818 496 ‚
830 434 890 484 id
918 442 1013 497 est,
1041 433 1131 483 hoc
1155 433 1258 484 dico
1279 450 1374 483 non
1396 435 1498 498 quia
1519 439 1669 484 vestra
1727 431 1731 434 ’

104 532 293 566 munera
318 518 543 583 requiram
565 548 590 579 ‚-
614 516 697 566 sed
724 517 827 582 quia
857 523 1060 566 vestrum
1090 515 1260 564 lucrum
1294 516 1474 581 requiro
1489 513 1667 576 :fcupio

103 595 275 646 scilicet.
300 603 347 645 ut
371 595 542 647 fructus
561 632 573 659 ,
601 612 681 644 seu
704 591 876 644 lucrum
904 594 1138 645 abundans
1160 595 1424 643 inscribatur
1451 596 1497 643 in
1518 596 1672 645 ratio-—>

101 675 235 724 nibus
260 678 450 739 vestris,
478 694 557 726 seu
581 677 627 724 in
649 674 765 723 libro
789 679 941 723 vestro
963 675 1220 723 rationario,

166 749 439 803 Perseverat
458 757 502 804 in
525 751 794 818 metaphora
809 751 1024 802 librorum
1044 752 1415 813 rationariorum,
1437 770 1518 802 seu
1543 770 1666 803 corn-

93 838 282 895 putuum
309 849 422 897 quos
456 831 630 881 habent
656 837 958 894 mercatores,
997 833 1042 890 in
1071 831 1235 895 quibus
1268 829 1367 878 data
1403 837 1449 879 et
1472 830 1660 895 accepta

92 912 400 961 conscribunt.

164 985 293 1037 Hinc
314 988 470 1053 collige
493 987 617 1053 quod
639 989 943 1052 unusquisque
965 985 1128 1035 librum
1151 986 1289 1036 habet
1311 990 1534 1036 rationum
1557 1005 1659 1039 cum

98 1062 231 1125 Deo,
263 1069 310 1115 in
338 1084 430 1131 quo
455 1083 512 1116 ex
535 1064 625 1115 unzi
652 1073 775 1129 parte
798 1065 1099 1114 inscribuntur
1131 1081 1234 1130 quae
1262 1082 1286 1113 a
1316 1061 1421 1114 Deo
1452 1061 1656 1130 accepit3

95 1158 155 1190 ex
178 1141 312 1191 att-era
334 1150 459 1207 parte
478 1179 491 1204 ‚
529 1158 631 1207 quae
655 1138 758 1190 Deo
783 1139 1000 1203 reddidit,
1027 1157 1128 1207 quae
1156 1142 1212 1191 ad
1242 1140 1332 1192 Dei
1350 1141 1539 1205 gloriam
1568 1143 1658 1204 egit

91 1226 136 1266 et
165 1234 320 1281 passus
343 1226 427 1268 est.

155 1290 383 1344 Examina
403 1293 525 1343 hunc
545 1301 673 1343 tuum
693 1293 887 1352 librum3
915 1296 1034 1344 serio
1059 1292 1291 1360 perpende
1314 1300 1522 1357 accepta;
1549 1293 1656 1345 vide

85 1376 132 1418 et
155 1386 366 1434 compara
390 1370 582 1422 reddita.
606 1367 769 1421 Eheu!
796 1374 931 1436 quam
955 1371 1104 1435 dispar
1127 1373 1238 1420 ratiO
1259 1371 1268 1419 l

157 1440 213 1500 JV,
243 1449 318 1498 18.
347 1451 515 1498 Habeo
537 1458 694 1499 aulem
717 1455 928 1503 omnia...

161 1524 337 1577 Rursus
359 1567 372 1590 ‚
406 1546 467 1578 ne
496 1529 605 1578 liant
639 1529 1019 1593 negligentiores,
1057 1529 1160 1593 quia
1190 1527 1334 1589 dixit,
1362 1544 1524 1580 munus
1557 1543 1654 1586 non

91 1608 298 1669 requirO,
337 1608 538 1669 ipsorum
564 1608 916 1655 subventionem
940 1608 1210 1670 magnificat.

161 1685 327 1732 Habeo
349 1693 506 1732 autem
535 1687 728 1744 omnia,
758 1693 802 1732 el
832 1686 1017 1733 abundo
1053 1702 1133 1749 per
1161 1692 1356 1734 vestram
1379 1683 1620 1734 dationem.
1639 1705 1653 1734 z

87 1771 236 1811 vestra
273 1763 565 1830 eleemosyna
608 1780 704 1813 non
744 1766 916 1812 tantum
947 1765 1148 1828 inopiam
1181 1780 1332 1811 meam
1364 1762 1647 1824 sublevavit,

86 1842 170 1890 sed
208 1841 605 1892 etabundantiam
632 1841 849 1902 contulit,
876 1842 1092 1900 abundo,
1127 1843 1323 1906 reple-lus
1345 1859 1464 1890 sum.

156 1916 281 1968 Nota
300 1928 455 1969 tamen
476 1919 597 1986 quod
619 1919 691 1968 hic
707 1920 870 1968 mirum
895 1923 942 1968 in
963 1919 1152 1967 modum
1174 1920 1374 1984 superius
1396 1917 1515 1966 dicta
1535 1933 1648 1966 con-

90 1997 238 2046 firmet
266 2016 278 2045 ε
305 1997 481 2063 illorum
515 2000 682 2063 quippe
714 1997 1094 2061 magnificentiam
1122 1999 1188 2046 sic
1219 1997 1391 2057 laudat,
1425 2006 1472 2046 ut
1499 2004 1652 2046 tamen

91 2078 217 2140 quasi
249 2075 450 2126 debitam
485 2083 666 2126 asserat.
706 2072 860 2124 Utitur
888 2076 1034 2124 verbo
1050 2071 1266 2138 ἀπέχκο,
1291 2078 1488 2141 recipio,
1523 2077 1649 2140 qnasi

87 2171 278 2203 censum
301 2162 346 2203 et
368 2153 537 2203 fructus
563 2171 622 2203 ex
647 2170 754 2217 agro
772 2191 784 2213 ‚
810 2155 873 2203 ait-
889 2150 950 2204 D.
980 2151 1356 2217 ChrysostomuS.

151 2234 374 2298 Acceptis
409 2235 470 2282 ab
510 2235 845 2298 Epaphrodito.
886 2230 1061 2299 Accepi
1095 2234 1152 2282 ab
1193 2231 1504 2300 Epaphrodito
1543 2245 1649 2296 qaoe

83 2313 292 2361 misistis.
317 2308 501 2361 Liberat
523 2307 825 2374 Epaphroditi
850 2309 1006 2359 fidem.

159 2394 359 2441 Odorem
382 2393 656 2447 suavitatis,
687 2391 941 2441 hostiam...

160 2471 289 2522 Deus
309 2480 460 2521 autem
484 2489 564 2535 per
586 2487 662 2520 me
685 2472 858 2535 accepit
880 2486 933 2518 ea
959 2471 1085 2534 quasi
1106 2471 1370 2520 sacrificium
1395 2471 1535 2519 bonae
1561 2467 1646 2518 sra-

91 2549 278 2614 grantiae
296 2583 308 2606 ,
341 2547 595 2595 suavissimi
619 2543 789 2593 odoris.

154 2614 466 2689 ¹Eleemosyna
493 2627 642 2671 vestra
669 2628 738 2669 est
769 2621 895 2684 quasi
922 2619 1059 2682 thUS,
1086 2636 1166 2668 seu
1198 2617 1450 2686 thymiama
1470 2619 1647 2666 suavis-

83 2703 187 2751 simi
215 2699 386 2747 odoris.

153 2773 254 2825 lmo
282 2776 407 2839 quasi
434 2776 619 2823 victima
643 2782 687 2824 et
705 2773 856 2823 hostia
878 2789 976 2838 quae
999 2789 1103 2822 curn
1127 2771 1258 2822 thure
1279 2790 1358 2839 per
1386 2775 1538 2837 iguem
1567 2769 1650 2821 οἰ-

84 2853 224 2905 sertur
247 2850 352 2902 Deo
368 2889 382 2914 .,
408 2859 455 2901 et
480 2847 610 2916 cujus
631 2850 781 2901 furnus
804 2858 851 2900 et
876 2848 990 2899 odor
1015 2846 1123 2899 Deo
1146 2852 1452 2900 suavissimus.
1619 2841 1621 2843 ’
1689 2841 1695 2848 ’

157 2937 300 2993 Notat
318 2938 398 2990 hic
427 2936 490 2992 D.
521 2935 883 3008 Chrysostomus
909 2933 1185 3001 Scripturam
1207 2939 1331 3004 loqui
1362 2938 1418 2989 ad
1447 2944 1652 2988 nostrum
