1806 3164
477 92 693 144 Tammx'
727 100 1010 141 EXPOSITIO.
1037 71 1298 157 CaijV„
1504 109 1657 162 2¹¹7
1739 155 1747 160 ,
1790 107 1798 119 s

28 186 29 189 ’
99 160 340 251 junesiset
372 174 655 247 hfibqu‘oque
686 166 929 245 proprium
948 176 1099 227 Iocum
1132 178 1365 240 habente,
1405 187 1454 228 ut
1485 158 1660 229 nullum

26 259 31 265 ⁷
101 251 405 314 luxatum'si'f
429 276 580 327 neque
617 265 782 324 praeter
816 257 1008 306 formam
1069 256 1359 308 collocatum.
1389 253 1660 323 Theophy-

11 395 20 418 '—
100 343 454 487 Iagis-volumus
475 432 583 480 ergo
609 413 693 464 frui
722 414 876 478 spiritu
895 448 908 472 ‚
945 413 1020 475 qui
1044 410 1250 477 procedit
1280 415 1306 460 ὲ
1339 413 1514 482 capite,
1545 409 1658 461 alter

99 486 224 544 alferi
248 491 572 549 adhaereamus,
596 488 744 541 Divus
764 486 1135 555 Chry-Sostomus.

521 643 711 687 rnAxis
746 637 887 686 veni:
923 646 1248 685 cums'rmm.

167 783 375 836 Christus
393 794 460 836 est
484 794 614 852 caput
640 781 886 843 Ecclesiae,
913 786 1011 846 ipse
1036 781 1180 831 influit
1202 783 1250 830 in
1277 795 1464 828 omnem
1484 774 1656 826 Eccle—

95 866 237 924 siam4
261 868 369 930 'quae
397 854 468 913 esf
498 881 658 929 corpus
683 864 803 925 ejus,
844 870 890 911 et
920 864 968 910 in
1003 859 1201 925 singulos
1226 857 1410 917 fideles,
1440 857 1519 921 qui
1549 863 1655 904 sunt

95 946 303 996 membra
322 945 457 995 illius.

166 1018 372 1070 Christus
397 1038 503 1085 ergo
532 1028 662 1084 caput
684 1036 836 1068 meum
859 1027 926 1067 est
951 1036 960 1066 :
983 1019 1067 1083 ipsi
1088 1018 1265 1080 itaque,
1286 1022 1335 1063 ut
1362 1015 1495 1077 capiti
1515 1028 1646 1072 meo,

97 1096 248 1147 deb'eo
263 1100 382 1163 uniri
402 1100 615 1147 continue
640 1114 721 1160 per
738 1097 961 1146 charitatis
979 1095 1203 1152 habitum,
1222 1100 1265 1141 et
1283 1091 1648 1155 frequentissime

93 1189 175 1240 per
194 1183 318 1225 acius
340 1176 477 1236 fidei,
505 1179 602 1240 spei
625 1184 668 1225 et
693 1175 940 1232 charitatis3
973 1182 1021 1223 ut
1046 1174 1129 1236 ipsi
1150 1173 1301 1220 unitus
1316 1207 1329 1232 ‚
1351 1162 1568 1234 recipiam
1589 1170 1646 1217 ah

95 1257 152 1302 ἑο
174 1253 326 1302 iumen
345 1290 359 1314 ‚
377 1256 590 1317 *spiritum
614 1262 659 1303 et
685 1257 886 1318 gratiam.

161 1327 287 1380 Sicut
309 1333 356 1379 in
376 1332 644 1380 naturalibus
666 1331 777 1380 nihil
798 1331 846 1378 fit
866 1331 964 1378 sine
986 1331 1129 1393 capite
1152 1325 1361 1381 naturali;
1388 1327 1466 1385 ita,
1488 1341 1575 1375 nec
1600 1331 1647 1374 iu

91 1406 141 1468 ἰῇ
161 1405 566 1472 supernaturalibus
581 1442 592 1464 ‚
620 1407 862 1471 quidquam
886 1421 988 1468 agas
1009 1406 1109 1453 sine
1127 1405 1272 1468 capite
1294 1403 1502 1468 mystico·

105 1491 109 1494 '
159 1478 397 1547 Quidquid
434 1501 541 1547 ergo
573 1484 633 1531 sis
665 1481 882 1543 facturus,
925 1480 1111 1529 consule
1148 1486 1279 1544 caput
1311 1487 1469 1535 iuum3
1512 1478 1640 1526 unire

85 1554 271 1608 Christo
296 1562 427 1624 capiti
448 1568 556 1620 tuo,
584 1560 632 1607 ut
654 1562 699 1607 in
725 1550 837 1606 illius
858 1557 1028 1606 lumine
1053 1566 1096 1605 et
1126 1557 1283 1621 spiritu
1315 1571 1419 1618 agas
1445 1560 1490 1602 et
1523 1568 1640 1618 aga-

82 1630 336 1682 riseneum
354 1669 367 1693 ‚
401 1650 446 1682 v.
471 1650 533 1696 g.‚
561 1641 762 1682 oraturus
782 1670 796 1696 ,
825 1635 953 1681 unire
979 1630 1190 1693 Christo,
1214 1638 1262 1680 ut
1282 1631 1327 1678 in
1348 1629 1423 1679 illo
1440 1665 1454 1691 ‚
1484 1645 1566 1694 per
1584 1628 1640 1677 il-

80 1707 175 1760 lum
198 1716 243 1757 et
265 1726 368 1758 cum
389 1708 463 1758 illo
488 1707 639 1759 Deum
665 1726 790 1768 ores,
820 1708 981 1758 adores
998 1746 1011 1769 ‚
1038 1708 1210 1771 diligas.

100 1782 108 1804 ³
147 1785 362 1841 Christus
382 1806 476 1837 non
499 1788 673 1838 tantum
696 1785 914 1836 Ecclesiae
938 1795 1093 1852 caput,
1123 1787 1205 1835 sed
1226 1795 1272 1835 et
1296 1802 1373 1834 cor
1397 1803 1408 1833 :
1432 1787 1638 1850 spiritum

81 1872 128 1916 et
150 1862 292 1916 vitam
317 1866 502 1930 singulis
525 1862 741 1914 Ecclesiae
764 1865 980 1912 membris
998 1862 1144 1912 influit
1169 1871 1212 1911 et
1233 1863 1551 1912 communicat.

150 1939 355 1991 Christus
377 1955 484 2006 ergo
512 1959 589 1990 cor
606 1958 759 1989 meum
781 1949 879 2000 est,
900 1943 1007 1989 vitae
1030 1957 1149 1990 meae
1169 1942 1465 2005 principium;
1491 1941 1630 2004 ipsius

81 2033 189 2084 ergo
209 2021 366 2085 spiritu
391 2020 538 2070 debeo
559 2021 768 2079 animan,
793 2021 991 2078 moveri,
1021 2022 1107 2084 agi.

101 2093 105 2100 ‘
146 2091 258 2144 Hoc
277 2104 326 2145 ut
350 2099 408 2149 ita
437 2097 519 2155 sit,
543 2093 750 2155 Christo,
776 2094 901 2144 cordi
925 2113 1030 2145 meo
1048 2133 1060 2156 ,
1092 2097 1219 2146 uniar
1247 2099 1379 2163 quam
1403 2094 1630 2160 frequens

79 2174 280 2233 tissime,
316 2182 362 2223 et
395 2175 432 2223 si
463 2173 562 2224 fieri
590 2180 766 2237 potest,
803 2174 1016 2222 continue
1046 2191 1056 2221 :
1085 2176 1237 2222 vivam
1270 2175 1318 2221 in
1345 2169 1556 2233 Christo,
1583 2175 1632 2222 in

79 2247 218 2299 corde
242 2245 436 2310 Christi,
466 2258 511 2299 et
534 2252 687 2298 omnia
709 2266 810 2298 mea
834 2265 969 2312 opera
989 2247 1147 2298 faciam
1167 2252 1214 2298 in
1240 2249 1375 2298 corde
1396 2257 1439 2297 et
1457 2264 1538 2312 per
1556 2265 1635 2296 cor

82 2319 252 2375 Christi
287 2344 298 2374 ε
320 2333 417 2375 utar
437 2326 576 2375 corde
598 2323 768 2376 Christi
791 2328 913 2390 quasi
939 2343 1044 2375 meo
1064 2344 1076 2382 ς
1105 2327 1152 2375 in
1175 2325 1265 2374 hoc
1289 2325 1426 2374 corde
1442 2360 1456 2386 ‚
1482 2331 1526 2373 et
1548 2341 1632 2389 per

83 2418 163 2451 cor
186 2397 354 2453 Christi
377 2422 386 2451 :
410 2409 510 2452 utar
530 2404 667 2452 corde
689 2401 856 2452 Christi
881 2405 1003 2467 quasi
1030 2419 1135 2453 meo
1155 2424 1167 2461 ς
1193 2405 1241 2452 in
1262 2402 1353 2452 hoc
1375 2401 1514 2451 corde
1531 2437 1547 2463 ‚
1577 2409 1626 2450 et

75 2497 160 2547 per
183 2477 272 2529 hoc
293 2497 393 2540 cor,
422 2476 575 2529 Deum
600 2482 788 2544 amabo,
814 2481 953 2530 orabo
969 2517 982 2541 ‚
1009 2480 1224 2530 adorabo.

128 2549 263 2623 *Haec
290 2556 440 2621 praxis
471 2556 634 2603 mirum
668 2557 716 2604 in
746 2556 935 2604 modurn
966 2556 1082 2604 utilis
1116 2563 1185 2606 est
1217 2563 1260 2605 et
1294 2554 1623 2615 consolatoria,

77 2624 278 2682 maxime
295 2634 343 2681 in
362 2632 639 2682 arIditatibus
659 2642 706 2683 et
724 2633 1106 2684 derelictionibus.

145 2706 314 2773 Tunc,
351 2712 507 2763 relicto
544 2714 680 2763 corde
717 2722 793 2764 tuo
817 2717 938 2764 sicco
973 2723 1018 2764 et
1051 2709 1365 2781 aridofjunge
1386 2722 1434 2765 te
1469 2714 1629 2765 divino

78 2783 247 2847 Christi
269 2790 422 2848 cordi,
452 2794 574 2861 quod
597 2802 640 2844 et
662 2801 788 2844 tuum
813 2804 881 2845 est
902 2815 913 2853 ς
939 2797 1130 2859 ipsoque
1152 2803 1279 2846 utere
1301 2804 1515 2862 tanquam
1533 2802 1628 2844 tuo·

143 2859 240 2915 Per
265 2863 356 2915 hoc
377 2867 581 2919 divinum
607 2886 683 2919 cor
712 2887 815 2933 ora,
839 2888 939 2920 ama
955 2907 968 2934 ‚
998 2871 1185 2924 adora...
