1806 3164
0 0 99 143 F
488 93 712 134 Turntex
733 90 1019 133 ΕΧΡοειΤιο.
1051 73 1168 142 Cap.
1192 73 1292 127 VI.
1565 94 1669 144 379

20 156 22 165 Ι
60 180 178 231 tes
197 171 395 242 exponit
420 165 686 243 panopliam
708 163 910 217 hominis
932 162 1192 226 christiani,
1231 164 1357 226 cujus
1387 164 1548 231 prima
1567 181 1669 231 pars

117 261 194 304 est
208 246 400 303 balteus,

178 327 282 396 Syr.
305 322 420 382 state
448 327 581 395 igitur
600 331 644 372 et
666 323 886 393 accingite
911 320 1091 370 lumbos
1116 327 1301 371 vestros
1324 323 1534 371 veritate.

187 391 396 468 Veritas,
424 402 472 453 id
506 410 591 462 est,
626 389 750 450 bona
779 399 911 460 fides,
935 401 1197 462 veracitas,
1201 400 1434 448 sinceritas
1454 406 1591 463 atque
1606 398 1673 460 sr-

113 475 304 535 delites*
293 500 340 531 ln
358 482 529 547 promis
511 480 612 540 ssiS,
642 479 698 525 sit
718 485 870 527 vester
892 476 1067 526 balteus
1089 476 1305 527 militaris.

183 556 357 625 Alludit
376 555 436 617 D.
456 553 620 618 Paulus
633 553 690 601 ad
710 551 812 603 lsai.
837 573 856 602 1
873 571 911 602 1.
927 545 984 604 ss,
1012 567 1027 598 ι
1041 572 1088 613 7,
1109 554 1188 602 ubi
1209 552 1372 601 dicitur
1390 551 1447 613 de
1468 548 1676 603 Christo.
1694 606 1699 614 s

117 637 180 685 Et
200 634 358 700 fides;
347 631 624 706 ·secundum
648 627 974 696 Septuaginta.
1000 629 1062 677 Ec
1083 630 1257 679 veritas
1283 632 1371 677 erit
1401 629 1674 676 εἶἠείοιίηηι

118 730 278 761 renum
297 710 412 774 ejus.

183 782 247 834 Et
267 801 363 849 non
382 783 608 832 immerito
625 782 747 831 bona
778 781 909 839 fides,
934 781 1157 830 fidelitas
1146 797 1192 830 m
1224 782 1457 845 promissis
1481 816 1497 842 ,
1524 778 1675 828 balteo
1732 791 1733 794 ’

119 869 432 927 comparatur:
466 863 690 926 astringit*
709 862 835 910 euim
872 859 1110 909 hominem
1143 861 1235 908 suis
1269 859 1452 922 verbis,
1494 861 1677 923 suisque

118 943 371 1005 promissiS,
410 941 526 988 sicut
564 939 736 1005 balteus
757 940 1068 1003 circumcingit
1088 945 1135 987 et
1157 939 1361 1002 astringit
1388 954 1552 1003 corpus
1573 939 1678 986 mi-

120 1016 222 1065 litis.

187 1090 351 1142 Estote
379 1109 486 1156 ergo
509 1089 692 1142 Christo
718 1091 892 1154 fideles,
922 1101 969 1143 et
1006 1092 1197 1142 fidelitas
1224 1094 1271 1141 in
1293 1091 1520 1141 servando
1553 1092 1681 1152 jure-

121 1169 308 1232 iurando
329 1169 451 1235 quod
470 1171 526 1230 ei,
546 1178 592 1219 ut
619 1178 770 1219 vestro
794 1169 914 1232 duci,
929 1169 1117 1222 dedistis
1141 1172 1188 1225 in
1203 1166 1461 1236 Baptismo,
1489 1170 1542 1217 sit
1565 1184 1682 1218 vesm

118 1256 190 1298 ter
209 1248 400 1307 balteus,
425 1249 501 1312 qui
522 1265 606 1297 vos
630 1250 725 1310 ejus
753 1248 916 1298 milites
942 1248 1169 1298 ostendat.

194 1328 255 1379 Et
272 1326 426 1376 induti
437 1329 634 1376 loricam
649 1328 868 1392 justitiet,
894 1329 941 1378 id
965 1338 1052 1391 est,
1076 1331 1241 1391 justitia
1266 1335 1312 1378 et
1332 1331 1541 1377 sanctitas
1557 1342 1680 1391 ope·-

123 1421 225 1454 rum
257 1406 315 1453 sit
342 1412 491 1453 vestra
517 1403 670 1467 lorica,
692 1407 858 1467 justitia
879 1405 1050 1455 scilicet
1072 1422 1132 1455 ex
1154 1404 1269 1468 fide,
1290 1423 1375 1470 per
1392 1403 1681 1453 dt'leclionem

125 1490 357 1547 operante.

191 1555 362 1608 Merito
391 1559 525 1625 etiam
552 1558 714 1620 justitia
737 1576 796 1608 ex
817 1558 907 1607 fide
931 1574 1012 1622 per
1033 1557 1295 1616 charitatem
1317 1564 1532 1623 operante
1555 1574 1686 1607 com-

123 1643 302 1700 paratur
330 1634 478 1683 loricae
503 1635 637 1701 :quia
660 1651 738 1683 cor
779 1642 946 1694 armat,
976 1636 1175 1693 animat,
1204 1635 1388 1685 roborat
1419 1631 1616 1699 perfecta
1638 1636 1685 1698 iu

125 1709 293 1777 Deum
320 1710 482 1762 fiducia
515 1726 527 1758 t
558 1730 636 1762 cor
665 1715 788 1779 quasi
821 1715 932 1778 tegit
969 1721 1016 1763 et
1052 1720 1199 1762 tutum
1234 1721 1388 1762 contra
1413 1714 1686 1772 tentationes

126 1789 277 1858 reddit
299 1791 360 1840 ob
384 1789 761 1839 consuetudinem
784 1792 907 1839 bene
933 1789 1097 1856 agendi
1117 1797 1162 1839 et
1180 1789 1347 1840 malum
1366 1789 1586 1855 fugiendi.

136 1861 137 1864 Ἴ
195 1866 254 1929 ᾖ.
283 1869 361 1919 15.
385 1870 446 1917 Et
470 1871 668 1917 calceati
690 1870 829 1932 pelles
852 1872 899 1918 in
933 1871 1326 1934 praeparatione...
1347 1870 1473 1934 quasi
1493 1869 1684 1921 diceret:

130 1940 194 1992 Et
214 1943 379 1993 alacres
403 1951 446 1991 et
470 1946 695 2008 prompti,
725 1961 998 2011 semperque
1025 1948 1192 2010 parati,
1217 1952 1262 1995 et
1285 1944 1343 1994 ad
1366 1947 1687 2012 ambulandum

130 2022 180 2069 in
219 2022 342 2069 viam
368 2017 630 2084 Evangelii,
659 2028 705 2069 et
737 2020 792 2069 ad
814 2021 919 2070 illud
939 2022 1199 2073 infidelibus
1226 2026 1611 2089 annuntiandum,
1644 2036 1688 2077 et

131 2097 190 2146 ad
211 2097 317 2147 illud
338 2105 493 2148 contra
520 2097 793 2163 haereticos,
819 2095 1112 2189 Simonianos
1137 2108 1182 2151 et
1223 2096 1471 2170 Gnosticos
1488 2120 1690 2169 propug-

131 2174 350 2248 nandum.

192 2237 460 2318 Alloquitur
483 2249 745 2317 Ephesios,
773 2255 820 2302 in
859 2252 1065 2303 doctrina
1084 2254 1345 2320 evangelica
1367 2256 1615 2323 perfectos,
1645 2267 1690 2309 et

137 2328 213 2392 qui
238 2327 348 2376 alios
373 2327 538 2378 docere
563 2338 609 2378 et
634 2346 819 2394 arguere
847 2333 1040 2395 possint.
1668 2326 1671 2327 ⁷

205 2399 373 2452 Merito
410 2406 545 2453 etiam
579 2403 679 2454 haec
719 2406 915 2457 alacritas
956 2417 1002 2458 et
1036 2410 1375 2475 promptitudo,
1422 2429 1502 2478 seu
1539 2411 1692 2475 servor

139 2488 418 2547 comparatur
433 2483 575 2531 ocreis
590 2502 602 2540 ς
621 2485 723 2547 quia
738 2487 848 2534 sicut
870 2488 945 2550 qui
966 2487 1096 2536 nudis
1113 2487 1281 2537 incedit
1293 2489 1486 2554 pedibus
1500 2527 1517 2555 ,Ἴ
1533 2490 1692 2542 timide

138 2563 184 2606 et
196 2559 314 2620 aegre
326 2556 548 2606 inceditin
563 2557 674 2607 locis
690 2560 853 2618 arduis;
872 2563 946 2627 qui
962 2571 1110 2611 autem
1127 2561 1361 2622 calceatuS,
1380 2580 1459 2625 seu
1473 2573 1692 2625 ocreatus,

137 2634 307 2683 incedit
329 2634 539 2685 audacter
573 2653 656 2701 per
674 2637 809 2687 ardua
837 2657 1025 2705 quaeque
1048 2659 1059 2688 ε
1084 2643 1144 2690 ita
1166 2641 1307 2707 tepidi
1331 2643 1482 2691 omnia
1500 2645 1687 2700 timent;

137 2709 303 2760 fervidi
327 2720 474 2762 autern
494 2714 551 2763 ad
576 2717 728 2777 omnia
751 2725 854 2767 sunt
882 2735 1063 2783 semper
1091 2723 1262 2785 parati.-

208 2781 266 2838 Ῠ.
307 2787 383 2837 16.
420 2785 484 2837 In
516 2791 742 2843 omnibus,
770 2789 865 2843 Alii
897 2804 1103 2857 vertunt,
1145 2815 1282 2862 supet,-
1313 2799 1471 2858 omnia
1484 2833 1500 2856 ,
1539 2798 1696 2864 sicque

140 2879 298 2913 sensus
316 2871 409 2914 est:
431 2874 535 2916 ante
550 2868 701 2927 omnia
718 2903 730 2927 ‚
757 2877 802 2918 et
824 2874 1050 2938 praecipue
1071 2875 1239 2930 sumile
1257 2873 1589 2938 scutumfider‘,
1607 2884 1694 2922 etc.
