1806 3164
192 94 290 148 166
633 110 890 148 ems'romn
926 110 1000 147 Δ»
1034 109 1296 148 Ernesto&

639 377 733 434 CA
744 377 910 435 FUT
944 375 1302 435 SEXTUM.

870 551 1065 603 Texta-r·

189 758 236 788 ι.
253 695 449 801 Fan,
473 731 680 788 obedite
704 730 1010 802 parentibus
1042 728 1227 788 vestris
1256 729 1315 787 in
1337 729 1626 793 Dominnz.
1642 729 1744 788 hec

151 834 166 846 ··
187 822 329 875 enim
358 820 555 889 justum
580 831 675 876 est.

250 989 300 1024 2.
321 967 548 1023 Honora
569 978 775 1037 patrem
798 980 952 1026 tuum
977 981 1028 1025 et
1051 980 1280 1030 matrem
1300 981 1448 1027 tuam
1463 969 1650 1040 ,quod
1667 982 1745 1028 est

185 1056 497 1111 mandatum
526 1055 757 1125 primum
778 1056 836 1112 in
862 1057 1246 1127 promissione3

251 1282 300 1336 3.
319 1279 399 1336 Ut
426 1279 559 1336 bene
587 1279 654 1337 sit
677 1279 788 1347 tibi,
811 1281 952 1338 et‘sis
972 1281 1243 1354 longaevus
1264 1302 1426 1352 super
1447 1293 1661 1343 tertam.

252 1375 302 1436 4.
328 1369 395 1423 Et
418 1389 542 1435 vos,
575 1380 778 1439 patres,
802 1369 967 1425 nolite
998 1370 1067 1426 ad
1096 1369 1430 1426 iracundiam
1459 1388 1749 1441 provocare
1791 1434 1801 1438 ,

184 1456 326 1513 filins
353 1469 553 1513 vestros
575 1480 588 1520 ;
624 1457 718 1513 sed
753 1457 972 1514 educate
996 1457 1118 1515 illos
1143 1457 1202 1513 in
1229 1457 1517 1529 disciplina¹
1541 1469 1601 1514 et
1619 1479 1745 1515 cor-

185 1544 427 1614 reptione
450 1543 695 1601 Domini.

257 1711 305 1761 5.
326 1699 512 1772 Servi,
536 1703 745 1760 obedite
768 1702 996 1759 dominis
1019 1703 1320 1760 carnalibus
1333 1724 1457 1759 cum
1479 1702 1671 1758 timore
1691 1714 1743 1758 et

187 1801 420 1848 tremore
437 1835 452 1861 ‚
487 1790 540 1846 in
563 1789 897 1861 simplicitate
923 1791 1114 1874 ‘cordis
1139 1789 1328 1859 vestri,
1354 1789 1488 1849 sicut
1511 1788 1745 1847 Christo.

260 2104 308 2158 6.
328 2101 382 2161 N
386 2101 547 2186 onoad
570 2100 785 2157 oculum
803 2099 1082 2156 servientes
1097 2144 1112 2170 ‚
1136 2098 1611 2171 quasihominibnn
1630 2098 1749 2168 pia-

189 2198 368 2243 centes
386 2210 399 2250 3
423 2185 516 2243 sed
534 2197 588 2240 ut
609 2185 746 2242 servi
767 2184 996 2254 Christi,
1020 2185 1272 2242 facientes
1291 2184 1616 2242 voluntatem
1638 2186 1744 2241 Dei

190 2294 255 2329 ex
277 2293 458 2329 ammo
474 2315 487 2340 ‚

261 2406 309 2443 τ’.
338 2382 478 2438 Cum
507 2380 647 2436 bona
672 2382 936 2438 voluntate
965 2389 1244 2438 servientes
1270 2379 1407 2437 sicut
1431 2379 1674 2437 Domino
1700 2393 1750 2436 et

191 2491 301 2527 non
324 2470 627 2527 hominibus
642 2511 656 2537 ‚

257 2622 306 2673 8.
329 2616 569 2675 Scientes
592 2609 842 2688 queniam
870 2614 1256 2685 unusquisque,
1278 2613 1649 2684 quodcumque
1674 2611 1749 2667 fe-

189 2704 320 2759 cerit
343 2705 572 2771 bonum,
607 2701 708 2758 hoc
753 2699 967 2772 recipiet
1001 2704 1030 2757 a
1060 2699 1332 2769 Domin0‚
1372 2697 1482 2755 sive
1528 2718 1737 2768 servus,

193 2789 302 2846 sive
327 2789 483 2845 liber.

262 2901 313 2951 9.
353 2877 425 2932 Et
454 2899 547 2936 vos
575 2877 813 2948 domini,
840 2877 1025 2935 eadem
1067 2875 1220 2933 facite
1259 2875 1394 2944 illis,
1434 2876 1758 2932 remittentes
