1800 3158
440 60 654 129 mmm<
681 69 967 122 Exeosmo.
1004 53 1124 136 Cap.
1145 51 1248 106 IV.
1515 47 1614 126 567

473 341 742 399 CAPUT
781 338 1210 413 QUARTUM.

681 509 1016 574 Paraphrast's.

73 651 486 764 QUAPROPTER‚
509 688 663 740 fratres
686 691 804 749 mei,
831 706 944 755 quos
969 689 1103 753 diligo
1126 704 1329 752 quosque
1351 686 1510 738 videre
1537 689 1631 739 de-

68 758 252 827 sidero:
288 787 402 834 vos,
437 771 648 834 inquam,
678 773 752 836 qui
786 771 891 819 estis
931 769 1142 834 gaudium
1180 768 1413 833 decusque
1437 786 1628 835 meum,

68 854 358 914 perseverate
382 848 430 894 in
451 843 544 894 vit&
572 844 814 895 christian&
831 884 844 908 ‚
874 863 930 895 eo
961 864 1050 912 quo
1073 846 1169 894 dixi
1198 843 1340 894 modo
1357 881 1370 906 ,
1399 844 1427 894 ὃ
1450 844 1631 898 charis-

69 932 191 979 simi.

135 1006 367 1059 Evodiam
387 1004 737 1074 Syntichenque
758 1025 898 1073 rogo,
926 1015 974 1057 ut
997 1009 1087 1057 sint
1113 1010 1160 1057 in
1186 1004 1397 1056 Domino
1419 1025 1623 1059 concor-

70 1085 159 1136 des
174 1094 220 1135 et
237 1087 493 1135 unanimes·

138 1163 264 1247 Quin
289 1186 423 1234 etiam
449 1191 493 1233 et
514 1201 626 1248 rogo
651 1175 727 1246 te,
762 1185 824 1232 mi
853 1188 962 1234 vere
995 1183 1188 1245 sodalis,
1217 1192 1266 1233 ut
1296 1200 1372 1234 eas
1410 1183 1629 1246 adjuves,

31 1293 34 1295 Δ
69 1256 372 1326 utpotequae
406 1259 548 1320 (esim
579 1259 697 1324 apud
738 1277 823 1309 vos
863 1260 1048 1320 essem)
1093 1277 1272 1310 mecum
1313 1260 1637 1310 laboraverunt

26 1393 29 1394 ⁷
71 1336 310 1404 Evangelii
333 1337 635 1402 promovendi
659 1337 814 1397 causei,
848 1342 934 1386 uno
969 1355 1071 1386 cum
1098 1334 1337 1388 Clemente
1363 1340 1634 1403 caeterisque

72 1417 186 1466 meis
208 1415 510 1479 adjutoribus,
538 1431 729 1479 quorum
748 1418 935 1463 nomina
955 1417 1119 1480 scripta
1142 1423 1247 1464 sunt
1272 1417 1319 1465 in
1335 1415 1452 1465 libro
1473 1417 1603 1466 vitae.

2 1555 23 1595 5.
143 1524 352 1577 Gaudete
387 1530 436 1576 in
476 1526 682 1576 Domino
719 1545 900 1594 semper
923 1568 935 1587 ,
982 1532 1146 1579 iterum
1175 1531 1280 1581 dico
1316 1533 1486 1595 vobis,
1518 1550 1633 1598 gau-

0 1612 7 1628 *
74 1604 203 1655 dete.

19 1766 22 1771 Ι
144 1698 222 1751 Sic
243 1709 396 1750 tamen
415 1737 427 1761 ‚
458 1708 506 1749 ut
528 1701 756 1752 modestia
790 1711 940 1752 vestra
964 1712 1072 1754 nota
1093 1707 1150 1755 sit
1177 1708 1391 1757 omnibus
1422 1707 1639 1761 homini-

15 1777 21 1818 ἶ
77 1790 180 1826 nus.
206 1774 435 1826 Dominus
458 1781 806 1843 appropinquat.

146 1870 232 1924 De
253 1874 372 1924 nullzi
397 1894 446 1925 re
480 1875 652 1925 solliciti
691 1878 816 1928 sitis:
866 1877 949 1926 sed
985 1880 1032 1926 in
1058 1881 1183 1927 omni
1219 1883 1407 1944 negotio
1430 1882 1452 1943 (
1475 1884 1552 1935 vel
1588 1870 1640 1935 in

39 1961 43 1964 ·
79 1951 204 1997 omni
228 1950 478 2013 tempore)
510 1960 588 2015 per
612 1954 865 1999 orationem
898 1960 943 2000 et
969 1953 1363 2019 obsecrationem,
1393 1976 1497 2010 cum
1529 1979 1642 2025 gra·-

80 2028 239 2076 iiarun'i
276 2032 478 2091 actione,
512 2032 754 2094 petitiones
787 2041 949 2082 vestrae
976 2033 1234 2085 deserantur
1268 2046 1312 2088 et
1350 2042 1641 2096 innotescant

79 2104 198 2170 apud
221 2102 390 2156 Deum.

36 2199 69 2218 ’τ
147 2179 210 2234 Et·
232 2201 318 2248 pax
346 2182 437 2235 Dei
454 2222 467 2246 ‚
494 2198 595 2250 quae
621 2190 764 2250 major
782 2195 849 2236 est
869 2192 992 2238 omni
1015 2191 1238 2245 intellectu
1256 2230 1270 2257 ,
1294 2198 1515 2248 custodiat
1536 2216 1641 2250 cor-

79 2260 137 2310 da
159 2271 307 2312 vestra
328 2271 373 2313 et
395 2265 566 2312 animas
596 2272 766 2313 vestras
790 2268 836 2315 in
860 2264 1025 2316 Christi
1052 2268 1204 2332 gratiai.
1526 2270 1543 2287 ⁴¹

150 2489 223 2541 De
242 2499 408 2541 caetero
423 2529 436 2553 ‚
457 2491 614 2543 fratres
627 2529 642 2556 ,
662 2513 952 2564 quaecumque
966 2517 1074 2552 vera
1086 2511 1210 2565 sunt,
1231 2521 1530 2574 quaecumque
1549 2526 1638 2578 pu-

82 2568 196 2628 dica,
212 2586 507 2635 quaecumque
526 2572 664 2634 justa,
689 2590 989 2641 quaecumque
1013 2589 1194 2644 sancta,
1214 2599 1514 2650 quaecumque
1540 2589 1636 2654 dig-

79 2664 139 2696 na
161 2666 259 2713 quae
276 2658 512 2710 amentur,
541 2667 833 2717 quaecurnque
858 2655 991 2707 bonae
1013 2657 1171 2723 farnae,
1196 2678 1276 2711 seu
1296 2662 1530 2716 laudabilia
1551 2688 1564 2727 ς
1593 2671 1635 2718 si

82 2749 168 2796 qua
190 2735 356 2797 virtus,
382 2737 524 2800 siqua
553 2736 669 2784 inter
697 2754 780 2786 vos
802 2738 1037 2808 disciplina
1066 2744 1199 2810 digna
1226 2748 1383 2815 laude,
1408 2751 1511 2804 haec
1530 2757 1630 2806 ani-

32 2827 35 2830 >
79 2825 158 2857 mo
185 2816 361 2858 versate
386 2807 473 2869 (ut
498 2824 551 2860 ea
577 2827 659 2860 suo
688 2821 890 2880 tempore
914 2817 1140 2883 faciatis).
