1800 3158
0 0 31 162 l

0 171 9 233 ζ

533 101 758 160 ‘ramniu
791 115 1076 159 EXPOSITIO.
1110 107 1228 174 Cap.
1266 105 1349 162 ΙΙ.
1617 114 1720 188 339
1748 174 1750 176 ,

183 196 186 198 ’
220 200 374 256 Divus
403 195 771 266 Chrysostomus
798 203 925 267 notat
964 195 1088 261 quod
1124 195 1229 246 haec
1262 197 1470 248 dicantur
1505 207 1718 268 tanquam

151 283 368 334 militibus
393 278 599 330 ordinate
624 275 904 338 firmiterque
941 275 1179 326 stantibus·

222 356 327 411 Nec
347 357 571 408 cecidistis
591 391 605 414 ‚
629 370 715 403 nec
738 351 948 402 ordinem
969 358 1171 403 vestrum
1195 352 1398 404 confudit
1418 355 1591 422 aliquis.

222 433 388 486 Virum
419 432 716 500 apostolicum
744 429 835 478 duo
870 429 1068 480 solantur
1099 433 1144 479 in
1167 433 1258 479 suis
1282 431 1502 484 subditis:
1532 434 1721 488 firmitas

155 512 266 563 fidei
293 520 339 562 et
355 511 470 562 ordo
496 508 779 573 disciplinae,
812 523 892 556 seu
918 508 1010 556 vita
1034 506 1198 572 regulis
1218 507 1327 558 fidei
1352 509 1616 564 conformis.

227 585 295 652 γ.
313 588 362 640 6,
386 583 521 637 Sicut
539 601 642 649 ergo
662 584 908 648 accepistis
935 583 1097 634 Jesum
1123 584 1388 645 Christum,
1414 587 1464 636 id
1492 597 1584 651 est,
1607 592 1723 641 sicut

158 669 217 718 ab
236 663 450 733 Epaphra
473 660 642 714 Christi
660 661 801 711 fidem
827 660 980 711 edocti
1000 664 1107 712 estis
1125 699 1140 725 ,
1169 664 1385 713 nimirum
1410 664 1531 729 quod
1551 663 1719 718 Domi-
1760 721 1767 725 ,

159 758 246 792 nus
264 738 555 807 Redemptor
575 756 627 789 ac
647 735 879 788 Mediator
897 746 992 796 θεῖς
1265 764 1267 767 v

226 822 288 871 In
303 824 402 886 ipso
424 820 685 881 ambulate,
714 817 761 866 id
785 823 884 880 est,
915 818 976 865 ita
999 818 1045 866 in
1067 818 1162 880 ejus
1183 816 1299 880 fide,
1327 815 1531 869 doctrina
1554 836 1606 870 ac
1628 818 1719 872 vita
1739 886 1745 889 χ

159 907 466 965 perseverate.
1260 912 1262 918 ‘

229 968 286 1026 37.
312 991 358 1038 7.
379 974 623 1035 Radicati‚
650 971 696 1021 id
716 980 811 1035 est,
851 971 1002 1020 firmas
1023 972 1070 1020 in
1087 972 1187 1037 ipso
1207 973 1381 1025 radices
1399 974 1620 1027 habeatis.

229 1052 295 1101 Et
313 1049 678 1116 superaedificati
700 1051 892 1112 inipso,
926 1047 1048 1098 velut
1066 1046 1323 1099 firmissimo
1343 1049 1658 1104 fundamento.

231 1131 295 1180 Et
328 1129 606 1195 confirmati
633 1127 763 1193 fide,
807 1126 854 1176 id
887 1134 986 1189 est,
1022 1126 1357 1178 confirmemini
1393 1133 1440 1179 in
1469 1131 1562 1182 fide
1591 1149 1726 1198 quam

163 1209 313 1261 edocti
330 1213 457 1268 estis;
479 1212 574 1259 imo
595 1246 605 1268 ‚
631 1210 818 1258 crescite
837 1209 883 1255 in
907 1206 958 1256 eei
982 1224 1062 1271 per
1081 1209 1320 1271 gratiarum
1345 1212 1589 1263 actionem.

235 1283 326 1335 His
346 1287 499 1336 verbis
526 1284 683 1334 fideles
707 1286 853 1333 munit
877 1290 1031 1332 contra
1056 1282 1281 1348 quoslibet
1302 1292 1547 1335 novatores
1568 1288 1615 1336 in
1635 1304 1726 1353 ge·-

166 1383 278 1416 nere
297 1405 310 1430 ‚
334 1383 449 1432 quos
467 1365 688 1430 sigillatim
713 1363 967 1430 aggreditur
990 1365 1038 1412 in
1073 1353 1386 1428 sequentibus.

234 1441 440 1496 Christus
465 1445 538 1494 via
559 1450 627 1492 est
658 1460 667 1489 :
695 1458 802 1506 ergo
819 1443 864 1490 in
887 1443 985 1507 ipso
1003 1446 1047 1489 et
1074 1457 1154 1506 per
1175 1442 1323 1508 ipsum
1345 1443 1481 1492 nobis
1502 1443 1560 1493 ad
1586 1431 1736 1495 vitamx

170 1528 390 1579 eundum.

236 1603 444 1657 Christus
470 1603 625 1653 radix:
658 1618 765 1666 ergo
785 1600 1007 1650 debemus
1032 1599 1116 1663 ipsi
1151 1601 1367 1650 continue
1388 1599 1608 1652 inhaerere
1630 1640 1646 1667 ‚
1682 1611 1730 1653 et
1763 1643 1765 1652 t

169 1685 324 1736 cordis
340 1686 479 1734 vitam
503 1680 560 1731 ab
583 1698 639 1730 eo
664 1696 843 1745 sugere.

231 1760 373 1826 Quod
393 1761 527 1811 arbor
548 1762 646 1809 sine
670 1757 843 1819 radice,
865 1756 956 1806 hoc
975 1757 1122 1804 anima
1140 1757 1238 1805 sine
1255 1752 1458 1806 Christo.

239 1836 447 1890 Christus
480 1837 826 1887 fundamentum
856 1853 865 1881 :
891 1848 1001 1897 ergo
1037 1834 1084 1880 in
1106 1833 1205 1895 ipso
1223 1838 1275 1880 et.
1295 1849 1432 1898 super
1464 1834 1614 1897 ipsum
1643 1834 1753 1886 de·->

168 1921 332 1969 bemus
365 1916 604 1966 aedificare.
877 1953 883 1958 ,

242 1992 386 2057 Quod
400 1993 564 2042 domus
583 1993 681 2042 sine
699 1988 995 2039 fundamento
1015 2023 1027 2044 ,
1053 1985 1144 2035 hoc
1162 1984 1304 2036 homo
1325 1988 1425 2037 sine
1443 1984 1644 2042 Christo·

243 2069 444 2122 Credere
466 2087 559 2120 non
581 2067 747 2118 sufficit
768 2088 777 2125 ;
806 2067 1029 2115 debemus
1049 2066 1094 2114 in
1118 2065 1207 2115 fide
1232 2066 1470 2129 proficere,
1485 2067 1753 2132 abundare„

172 2153 426 2219 pleniorem
447 2154 493 2200 in
516 2153 613 2201 dies
639 2151 966 2215 mysteriorum
989 2149 1297 2212 coguitionem
1322 2151 1570 2215 acquirere.

243 2228 351 2281 Hoc
369 2238 520 2280 autem
537 2229 585 2277 fit
603 2246 680 2293 per
691 2228 929 2293 gratiarum
945 2227 1178 2275 actionem
1207 2243 1287 2290 pro
1304 2230 1437 2277 tantis
1459 2245 1541 2294 per
1573 2225 1732 2282 Chris·

170 2316 269 2357 tum
288 2310 486 2372 acceptis
512 2305 768 2355 beneficiis.

247 2376 347 2442 Cor
368 2391 543 2447 gratum
562 2420 576 2445 ‚
600 2389 719 2432 terra
740 2385 891 2442 bona,
923 2384 968 2432 in
990 2399 1077 2448 quo
1098 2381 1363 2446 multiplicat
1389 2383 1532 2445 gratia
1553 2378 1659 2432 Dei.

241 2457 313 2523 Y.
332 2461 380 2512 8.
408 2458 574 2510 Videte
599 2482 657 2511 ne
674 2464 772 2527 quis
797 2477 879 2510 vos
894 2462 1112 2526 decipiat.
1138 2458 1222 2511 Gr.
1242 2478 1299 2510 ne
1325 2465 1423 2526 quis
1441 2463 1498 2510 sit
1516 2479 1600 2511 vos
1628 2464 1732 2512 abi-

174 2555 302 2604 gens.
327 2532 435 2604 Syr.
456 2555 518 2587 ne
541 2541 641 2605 quis
662 2555 746 2600 {os
769 2538 947 2603 spoliet.
979 2537 1119 2589 Arab.
1149 2537 1313 2604 spoliet
1340 2554 1391 2587 ac
1412 2537 1699 2602 depraedetur
1717 2577 1741 2600 ,a

174 2613 243 2664 D.
265 2611 631 2681 Chrysostomus
657 2632 668 2661 ε
691 2613 983 2680 depraedetur
1003 2633 1052 2664 ac
1077 2614 1334 2665 sussuretur.

243 2687 299 2738 Id
321 2698 419 2749 est,
447 2699 604 2741 cavete
625 2708 684 2741 ne
705 2694 803 2756 quis
824 2709 907 2742 vos
930 2692 1151 2759 decipiat,
1176 2691 1407 2760 fidemque
1428 2698 1627 2743 vestram
1644 2690 1747 2744 suf*

176 2765 366 2815 furetur.

246 2842 700 2908 Pet-*philosophiam
715 2881 732 2906 ‚
764 2847 960 2910 scilicet,
997 2850 1137 2916 qualis
1171 2857 1263 2901 erat
1288 2854 1493 2903 omnium
1523 2850 1741 2908 ethnico-

175 2936 275 2969 rum
296 2919 609 2988 philosophia,
646 2922 763 2974 nulla
791 2927 960 2993 quippe
992 2945 1094 2994 quae
1116 2929 1175 2980 de.
1202 2923 1308 2979 Deo
1331 2934 1582 2996 praesertim
1604 2942 1647 2985 et
1669 2953 1744 2988 re-
