1806 3164
1730 0 1792 60 .³?.

169 117 234 181 14
631 123 891 162 tpis‘rorAE
929 124 997 164 An
1030 117 1282 167 tpnestos

233 205 299 257 In
339 207 634 272 adoptionem
647 204 903 268 filiorum,
940 205 987 255 id
1023 207 1115 270 est,
1139 217 1189 258 ut
1213 226 1417 260 essemus
1450 210 1548 274 ejus
1579 209 1742 280 adop-

163 291 247 340 tivi
277 288 372 336 filii.
396 283 479 336 Gr.
508 279 755 335 υἱοθεσίαν.
779 281 883 352 Syr.
919 286 1155 353 adoptavit
1189 305 1275 338 nos
1303 287 1434 339 lilios.

234 366 333 416 Per
365 366 527 414 Jesum
557 365 830 421 Christum3
861 365 909 414 id
930 372 1027 428 est,
1053 383 1134 430 per
1154 374 1199 416 et
1223 374 1411 434 propter
1424 358 1595 446 merita
1626 363 1789 421 Jesu‘ss

168 443 371 508 Christi,
389 443 465 493 filii
485 445 553 493 sui
576 441 806 491 naturalis.
1689 489 1699 495 ,

240 525 299 572 In
323 524 492 588 ipsum.
515 517 600 570 Gr.
623 517 685 567 εἰς
703 513 898 579 αὕτη·
885 537 930 569 ιη
956 536 1059 569 sese
1078 557 1092 580 ,
1142 538 1194 570 se
1242 529 1287 571 et
1314 529 1360 572 et
1397 532 1526 573 suam
1552 521 1743 588 gloriam
1783 539 1786 541 ·

170 609 382 670 spectans
426 619 437 648 :
476 616 557 648 seu
603 599 721 657 sibi;
770 599 817 647 id
857 606 959 661 est,
1001 598 1207 649 decrevit
1249 617 1334 650 nos
1363 599 1452 649 sibi
1486 593 1638 648 facere
1677 599 1754 649 fi·
1783 661 1797 673 „

171 682 273 743 lios,
297 689 387 731 etc.
1756 671 1758 674 ⁵

240 758 370 810 Ecce
393 761 519 825 quasi
545 757 791 808 secundam
819 758 1195 808 benedictionem
1217 757 1352 806 nobis
1378 757 1436 806 ab
1458 764 1648 817 aeterno,
1681 756 1743 809 ob

173 835 423 897 Christum,
455 840 481 884 a
512 834 617 885 Deo
650 835 885 897 collatam,
914 852 994 885 seu
1024 838 1070 886 in
1107 834 1292 885 decreto
1325 834 1674 884 consideratam.

243 912 306 965 Et
338 918 459 980 quia,
490 922 540 964 ut
573 914 744 963 dictum
774 921 845 962 est
864 916 909 962 in
933 930 1068 963 versu
1101 913 1394 979 p‘raecedenti‚
1420 913 1744 963 benedictioni

174 991 442 1056 respondet,
470 989 706 1040 benedixit
725 991 770 1038 in
793 996 1000 1053 tempore
1018 993 1132 1039 sicut
1152 991 1284 1053 elegit
1309 993 1353 1039 in
1372 991 1646 1040 aeternitate.

244 1063 366 1115 Puto
389 1066 512 1131 quod
542 1074 586 1115 et
611 1065 689 1114 hic
709 1064 766 1115 ad
793 1065 973 1131 plenam
1008 1065 1266 1130 apostolicae
1289 1068 1457 1114 mentis
1477 1065 1749 1131 intelligen-

173 1151 299 1208 tiam,
324 1147 555 1196 subaudiri
582 1147 746 1197 deb‘eat
771 1147 893 1213 quod
916 1153 1077 1198 revera
1101 1166 1181 1214 per
1198 1156 1529 1197 sacramentum
1551 1159 1750 1213 regene-

174 1227 363 1274 rationis
393 1226 441 1273 in
469 1220 686 1287 Ephesiis
722 1222 961 1273 effectum
978 1228 1194 1289 supponit
1227 1221 1512 1287 Apostolus,
1546 1225 1748 1288 scilicet,
1804 1270 1806 1273 ,

178 1300 300 1367 quod
325 1288 382 1348 de
408 1299 527 1349 sacto
553 1317 632 1364 per
652 1302 841 1364 gratiam
862 1301 1187 1349 sanctificatem
1215 1307 1262 1348 et
1288 1297 1480 1363 Spiritus
1502 1302 1656 1349 sancti
1676 1302 1751 1349 in·

177 1378 436 1440 fusionem,
461 1377 564 1427 facti
598 1386 704 1427 sunt
739 1378 944 1443 adoptivi
969 1378 1046 1427 filii
1076 1376 1185 1440 Dei,
1211 1376 1417 1427 haeredes
1437 1373 1554 1438 Dei,
1590 1375 1754 1428 cohae·

178 1456 311 1507 redes
341 1454 527 1506 Christi.

249 1531 423 1599 Estque
457 1532 655 1582 secunda
690 1532 952 1582 benedictio
976 1532 1251 1600 temporalis,
1279 1530 1446 1582 Primo*
1466 1531 1574 1582 fecit
1599 1549 1746 1584 sanc-
1796 1536 1801 1539 ’

180 1621 275 1668 tos3
299 1614 523 1674 secundo,
547 1612 663 1661 filios
691 1609 798 1662 Dei.

255 1693 519 1740 Sec-undrim
536 1693 823 1757 propositum
850 1692 1106 1740 voluntatis
1128 1709 1241 1740 suoe.
1264 1689 1347 1742 Gr.
1370 1691 1623 1742 secundum
1648 1693 1748 1742 bo-
1772 1687 1777 1690 ³
1800 1684 1806 1687 μ

181 1787 292 1820 num
316 1768 530 1820 affectum
571 1771 812 1820 voluntatis
837 1787 929 1819 suae
948 1804 961 1829 ,
986 1771 1119 1815 κατὰ
1158 1765 1239 1818 τὴν
1269 1763 1510 1820 sasoniam
1547 1767 1654 1836 Syr.
1681 1772 1754 1820 uti

186 1849 346 1915 pla‹uit
379 1849 600 1898 voluntati
633 1850 791 1912 ipsius.

255 1923 399 1987 Quasi
423 1925 626 1975 dicteret
654 1924 774 1988 Quia
800 1927 859 1974 ita
882 1924 941 1973 illi
972 1926 1092 1974 bene
1132 1926 1283 1974 visum
1306 1932 1407 2002 est.
1443 1922 1573 1975 Deus
1594 1926 1751 1976 bene-

190 2001 402 2052 ficiorum
427 2020 610 2051 suorum
645 2006 868 2052 rationem
893 2004 1065 2050 nemini
1089 2002 1244 2052 debet.

259 2082 327 2140 V
343 2083 392 2134 6
411 2085 466 2132 In
491 2084 677 2132 laudem
698 2084 859 2147 glonoe
879 2100 993 2132 suoe.
1014 2081 1122 2149 Syr.
1140 2091 1268 2132 utce.
1259 2083 1456 2133 ebretur
1477 2081 1570 2131 laus
1593 2083 1762 2148 gratia

183 2163 307 2225 ejus.

255 2235 380 2288 Ecce
407 2237 516 2285 finis
550 2237 732 2286 ultimus
772 2246 946 2287 nostrae
983 2236 1218 2286 electionis
1253 2244 1297 2284 et
1335 2235 1751 2301 praedestinationis

185 2316 242 2365 ad
271 2318 458 2380 gratiam
494 2323 536 2364 et
575 2314 838 2365 filiationem
868 2315 1112 2363 divinam:
1147 2311 1268 2362 Laus
1299 2320 1342 2361 et
1376 2311 1517 2375 gloria
1548 2308 1669 2372 Dei,
1703 2317 1758 2360 ut

187 2395 229 2444 ei
275 2411 355 2457 pro
398 2400 521 2441 tanto
545 2391 772 2440 beneficio
814 2392 912 2440 laus
950 2397 995 2439 et
1021 2388 1160 2454 gloria
1187 2387 1400 2438 reddatur
1421 2387 1478 2435 ab
1513 2385 1686 2451 angelis
1707 2392 1778 2434 et-

186 2471 245 2519 ab
269 2469 558 2519 hominibus.

254 2546 315 2593 In
347 2564 437 2610 qua
459 2543 748 2608 gratzficavit
773 2562 890 2593 nos..
895 2580 927 2605 .‚
967 2542 1014 2593 id
1038 2551 1132 2606 est,
1161 2559 1247 2607 qua
1273 2535 1410 2604 gratia
1433 2528 1518 2587 nos
1539 2536 1648 2586 fecit
1667 2537 1758 2587 sibi

193 2631 361 2686 grat03‚
391 2630 435 2671 et
473 2621 654 2682 charos,
687 2628 732 2669 et
757 2624 944 2671 amicos.

258 2697 320 2748 Et
354 2708 421 2748 est
445 2698 581 2747 altera
617 2698 900 2761 benedictin,
928 2714 1064 2764 quam
1097 2698 1142 2745 in
1166 2691 1349 2744 Christo
1371 2692 1670 2754 recepimus:
1698 2698 1772 2739 'ex‘

184 2776 286 2827 filiis
318 2780 397 2826 irae
427 2786 472 2827 et
514 2778 710 2825 inimicis
741 2774 845 2825 facti
885 2793 1043 2826 sumus
1073 2774 1150 2823 filii
1192 2770 1474 2832 charissimi,
1512 2764 1766 2879 amabiles,

190 2858 343 2906 amici.

259 2929 370 2982 Hoc
396 2932 521 2981 bene
549 2927 613 2982 D.
637 2926 769 2996 Chry
774 2938 1005 2980 sostomus
1031 2927 1241 2996 explicat.
1268 2919 1374 2988 Qua
1400 2916 1568 2990 gratia,
1588 2919 1766 2984 πιῳίῑῒ,7
