1800 3158
0 64 18 107 l·

400 120 437 138 ’“
469 143 683 180 minax
718 122 1020 179 exposta-io.
1061 127 1178 193 Cap.
1213 127 1261 179 I.
1537 126 1634 180 321

73 218 137 274 D.
157 218 303 272 Paulo
328 221 561 287 speciatim
582 217 824 285 praedixit:
852 214 1104 267 Ostendam
1140 220 1213 267 ille·
1233 227 1409 284 quanta
1431 228 1640 285 oporteat

0 298 3 300 ’
71 317 156 363 pro
175 297 365 362 nomine
385 289 826 362 meopati.Act.9.
851 292 927 353 16,
961 312 1041 346 seu
1077 303 1242 361 quanta
1281 294 1342 346 illi
1378 297 1639 385 reliquerim

74 373 285 441 patientia
314 391 396 439 pro
424 362 662 433 Ecclesia,
688 387 877 435 corpore
896 387 1020 421 meo.

142 445 240 502 His
261 453 428 517 notatis
443 488 459 514 ‚
485 450 668 500 videtur
689 465 847 497 sensus
877 451 1081 498 omnium
1104 448 1453 516 naturalissimus
1471 466 1573 500 esse
1598 451 1638 500 is

75 532 152 595 qui
173 533 409 595 sequitur:

143 607 243 670 Ego
262 601 444 655 Paulus
455 603 615 666 factus
634 623 737 653 sum
763 604 1002 666 Evangelci
1024 599 1192 652 Christi
1217 604 1430 651 minister
1444 621 1460 650 .·
1477 608 1525 652 at
1549 606 1641 652 mi·

74 682 218 730 nister
238 679 408 741 fidelis,
437 679 519 743 qui
533 678 710 740 gaudeo
729 680 776 726 in
801 678 926 727 malis
952 694 1055 743 quae
1080 694 1162 740 pro
1179 677 1315 735 vobis
1335 680 1514 742 patior3
1537 682 1640 745 quia

77 754 247 807 Christi
268 757 371 805 vice
389 790 403 816 ,
427 751 690 819 Christique
710 755 808 803 loco
831 757 974 819 patior
1001 757 1046 803 in
1069 771 1203 803 carne
1227 752 1328 803 mea
1346 791 1360 818 ,
1387 772 1486 820 quae
1510 755 1640 816 mihi,

74 833 147 884 sui
168 833 270 883 loco
291 871 306 896 ,
333 833 511 898 reliquit
551 831 781 882 toleranda
812 851 891 899 pro
933 849 1014 881 suo
1051 835 1244 897 mystico
1277 850 1494 899 corpore,
1517 834 1642 899 quod

77 917 147 961 est
171 906 392 959 Ecclesia.

143 982 373 1036 Voluisset
393 985 605 1050 equidem
636 981 841 1034 Christus
863 987 961 1048 ipse
985 985 1104 1035 solus
1125 988 1278 1035 omnia
1299 1022 1311 1048 ‚
1340 985 1397 1035 ad
1417 982 1638 1035 Ecclesiae

79 1080 172 1114 suae
194 1059 516 1111 formationem
554 1069 687 1126 atque
711 1061 1044 1126 perfectionem
1079 1064 1330 1111 necessaria
1365 1061 1646 1111 tolerareeat

78 1139 174 1191 Dei
217 1139 426 1189 voluntas
465 1137 547 1188 fuit
571 1147 619 1188 ut
661 1139 796 1187 nobis
831 1139 1051 1188 ministris
1076 1141 1167 1187 suis
1201 1138 1338 1187 multa
1375 1138 1648 1202 relinqueret

77 1216 314 1268 toleranda
333 1235 345 1271 ;
373 1223 513 1283 utque
533 1233 617 1265 nos
639 1212 878 1280 Apostoli,
905 1233 984 1279 per
1006 1215 1159 1280 longas
1180 1223 1226 1265 et
1247 1233 1407 1280 graves
1427 1214 1646 1265 afflictio-

78 1312 164 1345 nes
179 1331 195 1356 ,
220 1312 348 1344 suam
367 1293 663 1344 formaremus
685 1303 817 1358 atque
836 1311 1218 1358 congregaremus
1245 1290 1514 1346 Ecclesiam.

150 1361 279 1421 Dum
309 1388 417 1435 ergo
439 1388 525 1436 pro
548 1372 682 1421 vobis
711 1373 871 1436 patior,
889 1372 1069 1431 gaudeo
1099 1372 1208 1435 quia
1235 1371 1505 1435 passionum
1531 1368 1647 1419 mihi

78 1450 104 1495 ὲ
131 1441 315 1494 Christo
331 1481 346 1506 ,
389 1462 470 1509 pro
510 1444 588 1493 sua
630 1442 834 1495 Ecclesia
874 1444 1113 1496 formanda
1129 1484 1142 1508 ,
1181 1446 1435 1496 relictarum
1473 1451 1648 1512 partem

0 1540 1 1547 ¹
79 1538 232 1572 meam
257 1521 508 1585 αᾱιηιρῖεο,
534 1529 746 1587 tanquam
767 1522 880 1572 illius
903 1525 1097 1574 vicarius
1128 1541 1182 1573 ac
1217 1525 1446 1586 minister,
1477 1526 1649 1588 ipsius-

83 1620 173 1669 que
195 1605 322 1651 vices
343 1601 575 1666 supplens.

150 1675 433 1745 Cumitaque
459 1677 565 1727 dicit
586 1674 867 1744 Apostolus.
887 1678 1135 1744 Adimpleo
1154 1698 1255 1746 quoe
1283 1681 1446 1729 desunt
1474 1678 1650 1730 Christi

79 1752 392 1818 pass-iambus,
435 1771 545 1804 cave
576 1772 637 1804 ne
671 1755 891 1821 intelligas
922 1757 1044 1822 quod
1082 1756 1200 1806 desit
1237 1757 1404 1823 aliquid
1439 1775 1497 1807 ex
1522 1766 1650 1822 parte

83 1830 288 1895 Christi,
315 1849 395 1883 seu
444 1834 567 1899 quod
617 1839 766 1900 passio
810 1833 978 1885 Christi
1009 1855 1100 1888 non
1143 1842 1200 1888 sit
1236 1836 1463 1886 sufficiens
1493 1836 1550 1886 ad
1567 1853 1648 1886 re-

50 1968 56 1972 ἱ
81 1908 396 1975 demptionem
413 1928 425 1958 ε
444 1909 535 1960 hoc
557 1915 679 1960 enim
699 1911 962 1962 haereticum
984 1924 1080 1978 est,
1108 1917 1168 1964 ait
1190 1913 1252 1965 D.
1285 1912 1512 1964 Thomas.

151 1983 246 2035 Sed
269 1986 469 2051 intellige
493 1989 615 2052 quod
639 1987 755 2037 desit
779 1990 945 2053 aliquid
971 2009 1029 2040 ex
1053 2001 1179 2057 parte
1197 1990 1343 2042 Pauli.

154 2057 389 2126 Christus,
418 2070 465 2113 ut
487 2063 655 2113 dictum
681 2074 750 2115 est
780 2071 947 2132 supra,
974 2059 1028 2119 Jff.
1053 2085 1154 2133 20.,
1178 2086 1333 2135 passus
1356 2078 1425 2120 est
1445 2072 1491 2119 in
1517 2085 1651 2119 carne

84 2137 195 2198 sua,
220 2145 268 2188 ut
282 2138 367 2188 nos'
385 2135 490 2189 Deo
505 2142 830 2205 reconciliaret,
852 2148 1107 2210 nostrisque
1128 2150 1320 2211 peccatis
1340 2144 1648 2205 satisfaceret,

84 2175 430 2287 Ecclesiamque
453 2216 694 2268 exhiberet
718 2217 822 2269 Deo
846 2231 1076 2287 sanctam,
1103 2226 1431 2276 immaculatam
1460 2233 1504 2275 et
1529 2227 1649 2306 irre-

86 2290 459 2362 prehensibilem.

155 2365 322 2417 Passus
342 2379 409 2418 est
425 2378 575 2420 autem
593 2389 687 2422 non
703 2375 981 2442 sufficienter
1005 2383 1206 2439 tantum;
1235 2380 1317 2430 sed
1346 2388 1389 2429 et
1406 2379 1647 2429 abundan-

86 2450 184 2571 ger,
210 2444 304 2572 {me
327 2447 773 2523 superabundanter,
803 2457 938 2504 etiarn
959 2475 1039 2531 pro
1062 2459 1243 2508 mundis
1265 2458 1449 2507 infinitis
1471 2458 1648 2507 sancti-

123 2539 204 2571 can
240 2539 277 2571 1s

155 2598 222 2651 At
242 2600 373 2651 idem
385 2598 590 2654 Christus
612 2608 824 2659 ministris
843 2613 932 2661 suis
950 2613 1126 2680 reliquit
1150 2613 1287 2664 multa
1309 2630 1392 2679 pro
1412 2629 1494 2661 suo
1511 2628 1649 2677 my·s

89 2679 179 2726 tico
202 2695 389 2743 corpore
419 2681 682 2741 toleranda;

159 2747 340 2802 Christo
383 2773 514 2819 passo
548 2758 771 2822 restabat,
797 2765 856 2812 ait
878 2761 1234 2828 Theodoretus
1261 2775 1309 2817 ut
1327 2765 1495 2817 Paulus
1522 2780 1649 2830 prae-

92 2826 261 2876 dicaret
295 2825 555 2894 GenthuS,
585 2835 848 2886 munificum
880 2839 1027 2891 salutis
1062 2841 1317 2907 largitorem
1349 2841 1644 2902 ostenderet,

93 2902 319 2970 multaque
340 2915 579 2973 propterea
605 2919 844 2975 pateretur.
