1800 3158
438 60 443 64 ι
493 105 717 145 'ramum
735 101 1016 142 Exposl'rlo.
1052 82 1170 152 Cap.
1193 81 1299 137 IV.
1563 79 1680 141 383

183 181 334 236 Orent
356 185 568 243 attente,
597 179 795 240 devote,
832 182 1100 227 reverenter
1139 183 1184 225 et
1207 171 1497 240 vigilantes:
1485 167 1680 222 ·Deum

115 265 308 330 quippe,
331 262 506 312 entium
542 266 586 309 et
613 255 881 307 saeculorum
908 271 1063 319 regem
1084 251 1368 318 alloquimur,
1397 267 1483 300 nos
1502 251 1578 317 qui
1603 250 1681 300 ni-

114 339 291 398 hilum,
323 354 446 386 mera
473 333 781 402 dependentia
808 350 980 382 sumus.

184 416 339 468 Orent
372 414 568 466 humiles
598 423 644 465 et
669 416 809 478 grati,
833 413 1172 476 praeteritorum
1207 425 1475 459 memores:

188 489 444 545 Gratitudo
486 494 654 558 quippe
711 490 770 540 de
813 490 1052 553 praeteritis
1095 485 1359 546 beneficiiS‚
1415 491 1462 533 et
1516 475 1682 533 fiducia
1755 551 1762 557 Ι

116 571 166 624 in
219 573 354 624 futuri
389 571 723 638 postulatione,
764 568 1106 619 misericordem
1148 563 1244 614 Dei
1290 579 1478 613 manum
1520 561 1682 627 aperit.

184 653 344 721 Itaque
370 656 609 720 gratiarum
644 652 762 701 actio
798 666 899 714 pars
938 657 1007 699 est
1037 648 1253 697 orationis
1294 645 1509 694 maxima.

185 720 245 781 3⁵.
275 727 340 791 3,
364 730 412 790 4.
438 728 639 776 Orantes
660 726 860 776 simulet
883 744 968 790 pro
991 725 1151 787 nobzs,
1172 732 1223 772 ut
1242 724 1368 773 Deus
1388 720 1572 786 apertat
1585 735 1682 767 no-

117 809 190 858 b1's
221 811 394 857 ostium
430 825 687 856 sermonzs..

191 885 303 938 Non
327 888 492 935 ostium
516 886 704 934 carceris
720 921 734 946 ‚
763 883 845 933 sed
872 885 1036 932 ostium
1060 880 1314 931 sermonis:
1339 877 1416 927 det
1456 882 1685 942 opportu-

117 964 308 1013 nitatem
343 962 484 1011 libere
519 956 798 1028 praedicandi
831 958 1136 1025 Evangelium
1174 955 1372 1018 Christi,
1418 972 1499 1005 seu
1530 953 1684 1010 salutis

118 1040 329 1091 humanae
366 1043 633 1106 mysterium
682 1057 763 1104 per
805 1037 1065 1095 Christum;
1113 1046 1157 1087 et
1194 1045 1242 1087 ut
1276 1037 1382 1085 illud
1415 1035 1686 1101 mysterium

119 1117 340 1183 (propter
359 1119 482 1183 quod
497 1120 677 1166 vinctus
699 1117 836 1177 sum)
858 1121 959 1181 apte
983 1125 1027 1166 et
1047 1118 1379 1165 convenienter
1398 1114 1685 1163 annuntiem.

189 1190 297 1242 Duo
333 1194 638 1242 concionatori
660 1192 909 1257 apostolico
932 1201 1036 1241 sunt
1060 1193 1312 1241 necessaria
1330 1227 1342 1250 ‚
1368 1189 1538 1238 scilicet
1562 1207 1573 1236 ι
1604 1204 1686 1237 sa-
1773 1221 1781 1239 r

118 1269 274 1319 lutaria
300 1270 452 1335 loqui,
472 1278 516 1319 et
543 1270 611 1320 illa
640 1273 972 1320 convenienter
989 1270 1045 1318 ad
1065 1267 1348 1318 suadendum
1376 1267 1515 1331 loqui.

188 1346 392 1416 Utraque
406 1351 496 1398 suis
518 1357 563 1398 et
582 1348 782 1397 fidelium
806 1351 1083 1397 orationibus
1101 1347 1292 1412 postulet
1317 1350 1343 1394 a
1366 1343 1534 1409 Spiritu
1552 1361 1685 1394 sanc-

119 1431 168 1474 to
189 1460 203 1486 ‚
232 1424 358 1485 cujus
396 1432 465 1473 est
503 1440 554 1472 os
587 1425 917 1473 concionatoris
951 1434 996 1474 et
1016 1424 1151 1472 corda
1185 1422 1465 1472 audientium
1494 1422 1687 1487 aperire.

189 1496 246 1556 Ῠ.
264 1504 312 1553 5'.
329 1503 387 1550 In
409 1501 643 1565 sapientiai
665 1503 973 1553 ambulate....
1220 1504 1233 1528 Χ

191 1577 343 1628 Docet
380 1577 613 1642 quomodo
647 1595 751 1643 erga
789 1577 997 1627 ethnicos
1030 1595 1164 1643 agere
1198 1576 1431 1627 debeant:
1477 1572 1683 1636 scilicet,

122 1673 226 1706 cum
267 1655 428 1721 magna
458 1654 694 1720 prudentia
733 1658 924 1705 vitantes
956 1660 1113 1704 omnia
1153 1671 1256 1720 quae
1289 1664 1483 1720 possent
1523 1668 1688 1705 eorum

120 1738 298 1786 animos
334 1733 570 1785 offendere
592 1771 604 1795 ‚
651 1751 710 1783 ne
736 1734 745 1796 ξ
769 1752 872 1799 quae
899 1738 957 1784 sit
993 1737 1318 1799 intempestiva
1354 1735 1540 1783 vexatio
1584 1745 1688 1795 quae

119 1829 279 1878 pacem
294 1808 516 1861 Ecclesiae
539 1819 730 1873 evertat,
752 1820 797 1861 et
816 1813 1069 1862 libertatern
1097 1809 1200 1860 Deo
1222 1810 1432 1861 seviendi
1456 1814 1500 1860 et
1519 1806 1687 1859 Evan-

117 1894 287 1957 gelium
304 1890 612 1956 promovendi
637 1892 814 1952 eripiat.

197 1969 398 2033 Tempus
424 1969 713 2016 νεᾱιιηεηίεε.
740 1965 859 2018 Vide
881 1968 996 2018 dicta
1020 1968 1077 2016 ad
1112 1964 1473 2034 Ephes.5.16.

141 2042 249 2103 ᾖ.
285 2046 333 2098 6.
372 2045 535 2096 Sermo
555 2058 704 2097 vester
726 2067 906 2113 semper
926 2070 972 2098 ιη
993 2051 1180 2114 gratici,
1203 2051 1248 2100 id
1267 2059 1368 2108 est,
1397 2068 1548 2102 sermo
1567 2066 1687 2101 ves-

122 2133 193 2177 {er
208 2129 270 2176 'sit
292 2128 442 2176 suavis
478 2144 531 2175 ac
551 2126 732 2191 sapidus
756 2146 767 2175 ε
791 2130 1036 2193 unicuique
1055 2128 1340 2194 respondens
1367 2137 1499 2195 prout
1518 2144 1689 2179 neces·

120 2208 228 2258 sitas
253 2214 300 2256 et
324 2208 668 2255 circumstantiae
693 2206 933 2269 postulant.

189 2281 303 2334 Non
320 2287 471 2333 minus
492 2287 681 2334 comiter
700 2285 981 2349 loquendum
1003 2289 1136 2351 quam
1159 2286 1420 2352 prudenter.

191 2357 317 2409 Talis
340 2363 396 2409 sit
417 2364 639 2426 praecipue
662 2363 947 2413 sacerdotum
970 2381 1022 2413 ac
1041 2365 1351 2429 religiosorum
1375 2360 1553 2427 loquela
1568 2396 1582 2421 ‚
1610 2375 1690 2409 co-

124 2436 212 2485 mis
235 2443 280 2485 et
310 2436 509 2501 prudens
533 2455 543 2484 :
569 2454 664 2487 non
691 2442 736 2487 in
760 2442 1013 2491 ministerio
1049 2445 1223 2491 tantum
1241 2477 1253 2501 ‚
1282 2439 1362 2491 sed
1388 2447 1432 2489 et
1458 2441 1507 2487 in
1528 2437 1688 2500 omni,

125 2516 261 2564 etiarn
285 2511 491 2562 familiari
526 2517 889 2565 conversatione.

194 2588 402 2641 Maxime
427 2598 614 2654 prosunt
639 2599 683 2639 et
706 2591 928 2643 aedificant
953 2593 1053 2643 talia
1076 2593 1312 2659 colloquia.

190 2665 255 2718 D.
277 2667 638 2734 Chrysostomus
667 2667 743 2719 hic
763 2673 898 2734 epist.
920 2672 978 2721 ad
997 2669 1174 2722 Coloss.
1197 2690 1296 2737 cap.
1342 2671 1392 2732 4.
1413 2668 1579 2738 pagina
1607 2673 1694 2735 42.

127 2754 174 2797 et
198 2745 310 2807 243.
333 2748 591 2796 comitatem
612 2747 785 2797 docens
813 2755 860 2798 et
885 2750 1203 2813 prudentiam,
1229 2749 1366 2800 multa
1394 2750 1526 2801 tradit
1548 2752 1695 2802 axio-

128 2831 248 2873 mata
276 2823 426 2885 utilia,
455 2842 502 2874 v.
531 2841 576 2889 g.
602 2846 614 2876 ε

196 2900 245 2953 Si
268 2903 441 2969 absque
464 2903 666 2967 periculo
688 2903 837 2957 colere
854 2914 1031 2969 oportet
1050 2925 1109 2960 ne
1131 2923 1327 2959 recuseS.
