<?xml version="1.0" encoding="UTF-8"?>
<!DOCTYPE html PUBLIC "-//W3C//DTD XHTML 1.0 Transitional//EN"
    "http://www.w3.org/TR/xhtml1/DTD/xhtml1-transitional.dtd">
<html xmlns="http://www.w3.org/1999/xhtml" xml:lang="en" lang="en">
 <head>
  <title>
</title>
<meta http-equiv="Content-Type" content="text/html;charset=utf-8" />
  <meta name='ocr-system' content='tesseract 3.04.00' />
  <meta name='ocr-capabilities' content='ocr_page ocr_carea ocr_par ocr_line ocrx_word'/>
</head>
<body>
  <div class='ocr_page' id='page_1' title='image "./epistolaumbpauli04picq_0425.png"; bbox 0 0 1800 3158; ppageno 0'>
   <div class='ocr_carea' id='block_1_1' title="bbox 435 53 1650 122">
    <p class='ocr_par' dir='ltr' id='par_1_1' title="bbox 435 53 1650 122">
     <span class='ocr_line' id='line_1_1' title="bbox 435 53 1650 122; baseline 0.004 -15"><span class='ocrx_word' id='word_1_1' title='bbox 435 105 437 107; x_wconf 83' lang='grc'><em>,</em></span> <span class='ocrx_word' id='word_1_2' title='bbox 457 73 690 118; x_wconf 62' lang='lat' dir='ltr'><strong>mut.</strong></span> <span class='ocrx_word' id='word_1_3' title='bbox 707 72 1003 113; x_wconf 60' lang='lat' dir='ltr'><strong>Exposrno.</strong></span> <span class='ocrx_word' id='word_1_4' title='bbox 1045 54 1166 122; x_wconf 80' lang='lat' dir='ltr'><strong>Cap.</strong></span> <span class='ocrx_word' id='word_1_5' title='bbox 1201 53 1286 108; x_wconf 91' lang='grc' dir='ltr'><strong>ΙΙ.</strong></span> <span class='ocrx_word' id='word_1_6' title='bbox 1548 59 1650 122; x_wconf 66' lang='lat' dir='ltr'><strong>Lu</strong></span> 
     </span>
    </p>
   </div>
   <div class='ocr_carea' id='block_1_2' title="bbox 124 219 1667 252">
    <p class='ocr_par' dir='ltr' id='par_1_2' title="bbox 124 219 1667 252">
     <span class='ocr_line' id='line_1_2' title="bbox 124 219 1667 252; baseline 0 2906"><span class='ocrx_word' id='word_1_7' title='bbox 124 219 1667 252; x_wconf 95' lang='lat' dir='ltr'><strong> </strong></span> 
     </span>
    </p>
   </div>
   <div class='ocr_carea' id='block_1_3' title="bbox 480 349 1252 410">
    <p class='ocr_par' dir='ltr' id='par_1_3' title="bbox 480 349 1252 410">
     <span class='ocr_line' id='line_1_3' title="bbox 480 349 1252 410; baseline -0.008 1"><span class='ocrx_word' id='word_1_8' title='bbox 480 352 750 410; x_wconf 81' lang='lat' dir='ltr'><strong>CAPUT</strong></span> <span class='ocrx_word' id='word_1_9' title='bbox 787 349 1252 408; x_wconf 85' lang='lat' dir='ltr'><strong>SECUNDUM.</strong></span> 
     </span>
    </p>
   </div>
   <div class='ocr_carea' id='block_1_4' title="bbox 703 515 1045 580">
    <p class='ocr_par' dir='ltr' id='par_1_4' title="bbox 703 515 1045 580">
     <span class='ocr_line' id='line_1_4' title="bbox 703 515 1045 580; baseline 0 -15"><span class='ocrx_word' id='word_1_10' title='bbox 703 515 1045 580; x_wconf 75' lang='lat' dir='ltr'><strong>Paraplzrasz‘S.</strong></span> 
     </span>
    </p>
   </div>
   <div class='ocr_carea' id='block_1_5' title="bbox 42 637 1664 904">
    <p class='ocr_par' dir='ltr' id='par_1_5' title="bbox 42 637 1664 904">
     <span class='ocr_line' id='line_1_5' title="bbox 99 637 1660 751; baseline -0.001 -21"><span class='ocrx_word' id='word_1_11' title='bbox 99 637 279 751; x_wconf 79' lang='lat' dir='ltr'><strong>Qum</strong></span> <span class='ocrx_word' id='word_1_12' title='bbox 302 693 416 746; x_wconf 90' lang='lat' dir='ltr'><strong>opus</strong></span> <span class='ocrx_word' id='word_1_13' title='bbox 437 684 507 728; x_wconf 89' lang='lat' dir='ltr'><strong>est</strong></span> <span class='ocrx_word' id='word_1_14' title='bbox 533 683 584 726; x_wconf 87' lang='lat' dir='ltr'><strong>ut</strong></span> <span class='ocrx_word' id='word_1_15' title='bbox 605 679 741 727; x_wconf 85' lang='lat' dir='ltr'><strong>vobis</strong></span> <span class='ocrx_word' id='word_1_16' title='bbox 766 675 845 727; x_wconf 80' lang='lat' dir='ltr'><strong>hic</strong></span> <span class='ocrx_word' id='word_1_17' title='bbox 868 675 1066 726; x_wconf 86' lang='lat' dir='ltr'><strong>referam</strong></span> <span class='ocrx_word' id='word_1_18' title='bbox 1094 677 1217 742; x_wconf 89' lang='lat' dir='ltr'><strong>quod</strong></span> <span class='ocrx_word' id='word_1_19' title='bbox 1241 679 1409 744; x_wconf 87' lang='lat' dir='ltr'><strong>ubique</strong></span> <span class='ocrx_word' id='word_1_20' title='bbox 1434 676 1552 728; x_wconf 88' lang='lat' dir='ltr'><strong>fama</strong></span> <span class='ocrx_word' id='word_1_21' title='bbox 1575 695 1660 728; x_wconf 89' lang='lat' dir='ltr'><strong>ce·-</strong></span> 
     </span>
     <span class='ocr_line' id='line_1_6' title="bbox 42 753 1664 842; baseline -0.002 -33"><span class='ocrx_word' id='word_1_22' title='bbox 42 764 44 766; x_wconf 78' lang='grc'>’</span> <span class='ocrx_word' id='word_1_23' title='bbox 88 757 241 809; x_wconf 67' lang='lat' dir='ltr'><strong>&#39;lebret</strong></span> <span class='ocrx_word' id='word_1_24' title='bbox 270 757 330 807; x_wconf 86' lang='lat' dir='ltr'><strong>de</strong></span> <span class='ocrx_word' id='word_1_25' title='bbox 343 762 507 807; x_wconf 76' lang='lat' dir='ltr'><strong>nostro</strong></span> <span class='ocrx_word' id='word_1_26' title='bbox 526 753 584 803; x_wconf 86' lang='lat' dir='ltr'><strong>ad</strong></span> <span class='ocrx_word' id='word_1_27' title='bbox 603 771 687 804; x_wconf 88' lang='lat' dir='ltr'><strong>vos</strong></span> <span class='ocrx_word' id='word_1_28' title='bbox 705 771 921 804; x_wconf 86' lang='lat' dir='ltr'><strong>accessu.</strong></span> <span class='ocrx_word' id='word_1_29' title='bbox 910 753 932 789; x_wconf 67' lang='grc' dir='ltr'>Ρ</span> <span class='ocrx_word' id='word_1_30' title='bbox 960 770 1067 803; x_wconf 90' lang='lat' dir='ltr'><strong>nam</strong></span> <span class='ocrx_word' id='word_1_31' title='bbox 1089 771 1173 803; x_wconf 89' lang='lat' dir='ltr'><strong>vos</strong></span> <span class='ocrx_word' id='word_1_32' title='bbox 1194 756 1303 821; x_wconf 84' lang='lat' dir='ltr'><strong>ipsi,</strong></span> <span class='ocrx_word' id='word_1_33' title='bbox 1327 754 1509 818; x_wconf 79' lang='lat' dir='ltr'><strong>fratreS,</strong></span> <span class='ocrx_word' id='word_1_34' title='bbox 1539 757 1664 842; x_wconf 84' lang='lat' dir='ltr'><strong>scitis</strong></span> 
     </span>
     <span class='ocr_line' id='line_1_7' title="bbox 91 831 974 904; baseline -0.008 -17"><span class='ocrx_word' id='word_1_35' title='bbox 91 852 238 904; x_wconf 71' lang='lat' dir='ltr'><strong>quem</strong></span> <span class='ocrx_word' id='word_1_36' title='bbox 260 844 309 887; x_wconf 82' lang='lat' dir='ltr'><strong>et</strong></span> <span class='ocrx_word' id='word_1_37' title='bbox 331 833 513 901; x_wconf 80' lang='lat' dir='ltr'><strong>qualem</strong></span> <span class='ocrx_word' id='word_1_38' title='bbox 532 831 728 883; x_wconf 87' lang='lat' dir='ltr'><strong>fructum</strong></span> <span class='ocrx_word' id='word_1_39' title='bbox 749 832 974 882; x_wconf 88' lang='lat' dir='ltr'><strong>habuerit.</strong></span> 
     </span>
    </p>
   </div>
   <div class='ocr_carea' id='block_1_6' title="bbox 90 908 1667 2308">
    <p class='ocr_par' dir='ltr' id='par_1_6' title="bbox 99 908 1667 1134">
     <span class='ocr_line' id='line_1_8' title="bbox 164 908 1661 977; baseline -0.001 -12"><span class='ocrx_word' id='word_1_40' title='bbox 164 911 328 965; x_wconf 88' lang='lat' dir='ltr'><strong>Nostis</strong></span> <span class='ocrx_word' id='word_1_41' title='bbox 350 912 469 977; x_wconf 75' lang='lat' dir='ltr'><strong>quod</strong></span> <span class='ocrx_word' id='word_1_42' title='bbox 495 911 596 961; x_wconf 78' lang='lat' dir='ltr'><strong>licet</strong></span> <span class='ocrx_word' id='word_1_43' title='bbox 621 908 872 976; x_wconf 79' lang='lat' dir='ltr'><strong>Philippis,</strong></span> <span class='ocrx_word' id='word_1_44' title='bbox 905 918 1148 976; x_wconf 76' lang='lat' dir='ltr'><strong>antequam</strong></span> <span class='ocrx_word' id='word_1_45' title='bbox 1175 911 1233 960; x_wconf 92' lang='lat' dir='ltr'><strong>ad</strong></span> <span class='ocrx_word' id='word_1_46' title='bbox 1256 928 1339 960; x_wconf 90' lang='lat' dir='ltr'><strong>vos</strong></span> <span class='ocrx_word' id='word_1_47' title='bbox 1366 913 1628 964; x_wconf 83' lang='lat' dir='ltr'><strong>veniremus</strong></span> <span class='ocrx_word' id='word_1_48' title='bbox 1647 950 1661 973; x_wconf 80' lang='lat'>‚</span> 
     </span>
     <span class='ocr_line' id='line_1_9' title="bbox 99 984 1667 1054; baseline -0.002 -12"><span class='ocrx_word' id='word_1_49' title='bbox 99 991 251 1042; x_wconf 81' lang='lat' dir='ltr'><strong>multis</strong></span> <span class='ocrx_word' id='word_1_50' title='bbox 272 989 399 1040; x_wconf 87' lang='lat' dir='ltr'><strong>malis</strong></span> <span class='ocrx_word' id='word_1_51' title='bbox 436 985 592 1038; x_wconf 84' lang='lat' dir='ltr'><strong>afflicti</strong></span> <span class='ocrx_word' id='word_1_52' title='bbox 624 985 864 1037; x_wconf 78' lang='lat' dir='ltr'><strong>fuissemus</strong></span> <span class='ocrx_word' id='word_1_53' title='bbox 897 995 942 1037; x_wconf 90' lang='lat' dir='ltr'><strong>et</strong></span> <span class='ocrx_word' id='word_1_54' title='bbox 980 987 1267 1038; x_wconf 86' lang='lat' dir='ltr'><strong>contumeliis</strong></span> <span class='ocrx_word' id='word_1_55' title='bbox 1303 984 1454 1037; x_wconf 79' lang='lat' dir='ltr'><strong>affecti</strong></span> <span class='ocrx_word' id='word_1_56' title='bbox 1479 986 1667 1054; x_wconf 85' lang='lat' dir='ltr'><strong>(utpote</strong></span> 
     </span>
     <span class='ocr_line' id='line_1_10' title="bbox 100 1061 491 1134; baseline -0.005 -18"><span class='ocrx_word' id='word_1_57' title='bbox 100 1066 286 1134; x_wconf 86' lang='lat' dir='ltr'><strong>flagellis</strong></span> <span class='ocrx_word' id='word_1_58' title='bbox 307 1068 414 1116; x_wconf 83' lang='lat' dir='ltr'><strong>caesi</strong></span> <span class='ocrx_word' id='word_1_59' title='bbox 436 1061 491 1125; x_wconf 58' lang='lat'><strong>&gt;⁸3</strong></span> 
     </span>
    </p>

    <p class='ocr_par' dir='ltr' id='par_1_7' title="bbox 100 1139 1665 1364">
     <span class='ocr_line' id='line_1_11' title="bbox 168 1139 1665 1209; baseline -0.002 -13"><span class='ocrx_word' id='word_1_60' title='bbox 168 1144 341 1196; x_wconf 78' lang='lat' dir='ltr'><strong>Libere</strong></span> <span class='ocrx_word' id='word_1_61' title='bbox 366 1152 519 1194; x_wconf 87' lang='lat' dir='ltr'><strong>tamen</strong></span> <span class='ocrx_word' id='word_1_62' title='bbox 557 1151 602 1193; x_wconf 90' lang='lat' dir='ltr'><strong>et</strong></span> <span class='ocrx_word' id='word_1_63' title='bbox 637 1142 860 1209; x_wconf 76' lang='lat' dir='ltr'><strong>intrepide</strong></span> <span class='ocrx_word' id='word_1_64' title='bbox 889 1143 984 1191; x_wconf 91' lang='lat' dir='ltr'><strong>ausi</strong></span> <span class='ocrx_word' id='word_1_65' title='bbox 1021 1158 1175 1191; x_wconf 89' lang='lat' dir='ltr'><strong>sumus</strong></span> <span class='ocrx_word' id='word_1_66' title='bbox 1194 1178 1208 1204; x_wconf 88' lang='lat'><strong>,</strong></span> <span class='ocrx_word' id='word_1_67' title='bbox 1238 1139 1329 1193; x_wconf 90' lang='lat' dir='ltr'><strong>Dei</strong></span> <span class='ocrx_word' id='word_1_68' title='bbox 1363 1140 1503 1208; x_wconf 65' lang='lat' dir='ltr'><strong>gratia</strong></span> <span class='ocrx_word' id='word_1_69' title='bbox 1533 1145 1665 1207; x_wconf 88' lang='lat' dir='ltr'><strong>nixi,</strong></span> 
     </span>
     <span class='ocr_line' id='line_1_12' title="bbox 100 1220 1663 1289; baseline -0.001 -14"><span class='ocrx_word' id='word_1_70' title='bbox 100 1225 237 1275; x_wconf 71' lang='lat' dir='ltr'><strong>vobis</strong></span> <span class='ocrx_word' id='word_1_71' title='bbox 249 1225 393 1289; x_wconf 83' lang='lat' dir='ltr'><strong>ipsius</strong></span> <span class='ocrx_word' id='word_1_72' title='bbox 416 1220 723 1287; x_wconf 81' lang='lat' dir='ltr'><strong>Evangelium</strong></span> <span class='ocrx_word' id='word_1_73' title='bbox 745 1222 1009 1289; x_wconf 86' lang='lat' dir='ltr'><strong>praedicare,</strong></span> <span class='ocrx_word' id='word_1_74' title='bbox 1034 1222 1177 1273; x_wconf 89' lang='lat' dir='ltr'><strong>multo</strong></span> <span class='ocrx_word' id='word_1_75' title='bbox 1198 1223 1305 1274; x_wconf 38' lang='lat' dir='ltr'><strong>&#39;licet</strong></span> <span class='ocrx_word' id='word_1_76' title='bbox 1317 1240 1422 1273; x_wconf 88' lang='lat' dir='ltr'><strong>cum</strong></span> <span class='ocrx_word' id='word_1_77' title='bbox 1441 1223 1663 1288; x_wconf 87' lang='lat' dir='ltr'><strong>periculo,</strong></span> 
     </span>
     <span class='ocr_line' id='line_1_13' title="bbox 107 1299 604 1364; baseline -0.01 -12"><span class='ocrx_word' id='word_1_78' title='bbox 107 1308 154 1352; x_wconf 87' lang='lat' dir='ltr'><strong>et</strong></span> <span class='ocrx_word' id='word_1_79' title='bbox 173 1302 404 1351; x_wconf 85' lang='lat' dir='ltr'><strong>anxietate</strong></span> <span class='ocrx_word' id='word_1_80' title='bbox 423 1299 604 1364; x_wconf 68' lang='lat' dir='ltr'><strong>magna.</strong></span> 
     </span>
    </p>

    <p class='ocr_par' dir='ltr' id='par_1_8' title="bbox 90 1370 1666 1598">
     <span class='ocr_line' id='line_1_14' title="bbox 90 1370 1664 1450; baseline 0.001 -23"><span class='ocrx_word' id='word_1_81' title='bbox 90 1443 100 1450; x_wconf 53' lang='lat'><strong>,</strong></span> <span class='ocrx_word' id='word_1_82' title='bbox 174 1373 278 1439; x_wconf 89' lang='lat' dir='ltr'><strong>(Et</strong></span> <span class='ocrx_word' id='word_1_83' title='bbox 307 1378 469 1426; x_wconf 78' lang='lat' dir='ltr'><strong>merito</strong></span> <span class='ocrx_word' id='word_1_84' title='bbox 504 1376 554 1425; x_wconf 90' lang='lat' dir='ltr'><strong>id</strong></span> <span class='ocrx_word' id='word_1_85' title='bbox 575 1377 673 1426; x_wconf 82' lang='lat' dir='ltr'><strong>ausi</strong></span> <span class='ocrx_word' id='word_1_86' title='bbox 703 1393 858 1425; x_wconf 89' lang='lat' dir='ltr'><strong>sumus</strong></span> <span class='ocrx_word' id='word_1_87' title='bbox 894 1377 941 1424; x_wconf 90' lang='lat' dir='ltr'><strong>in</strong></span> <span class='ocrx_word' id='word_1_88' title='bbox 973 1370 1212 1435; x_wconf 79' lang='lat' dir='ltr'><strong>Domine,</strong></span> <span class='ocrx_word' id='word_1_89' title='bbox 1252 1378 1421 1426; x_wconf 87' lang='lat' dir='ltr'><strong>conscii</strong></span> <span class='ocrx_word' id='word_1_90' title='bbox 1458 1377 1664 1439; x_wconf 89' lang='lat' dir='ltr'><strong>scilicet)</strong></span> 
     </span>
     <span class='ocr_line' id='line_1_15' title="bbox 101 1449 1666 1525; baseline 0.001 -22"><span class='ocrx_word' id='word_1_91' title='bbox 101 1451 228 1525; x_wconf 76' lang='lat' dir='ltr'><strong>quod</strong></span> <span class='ocrx_word' id='word_1_92' title='bbox 251 1451 511 1516; x_wconf 78' lang='lat' dir='ltr'><strong>praedicatio</strong></span> <span class='ocrx_word' id='word_1_93' title='bbox 534 1458 685 1500; x_wconf 90' lang='lat' dir='ltr'><strong>nostra</strong></span> <span class='ocrx_word' id='word_1_94' title='bbox 700 1487 715 1513; x_wconf 91' lang='lat'><strong>,</strong></span> <span class='ocrx_word' id='word_1_95' title='bbox 738 1468 826 1501; x_wconf 84' lang='lat' dir='ltr'><strong>nec</strong></span> <span class='ocrx_word' id='word_1_96' title='bbox 849 1450 955 1500; x_wconf 84' lang='lat' dir='ltr'><strong>falsa</strong></span> <span class='ocrx_word' id='word_1_97' title='bbox 970 1487 984 1511; x_wconf 94' lang='lat'>‚</span> <span class='ocrx_word' id='word_1_98' title='bbox 1013 1468 1102 1500; x_wconf 85' lang='lat' dir='ltr'><strong>nec</strong></span> <span class='ocrx_word' id='word_1_99' title='bbox 1123 1449 1277 1500; x_wconf 84' lang='lat' dir='ltr'><strong>fallens</strong></span> <span class='ocrx_word' id='word_1_100' title='bbox 1295 1460 1446 1516; x_wconf 89' lang='lat' dir='ltr'><strong>esset,</strong></span> <span class='ocrx_word' id='word_1_101' title='bbox 1468 1471 1556 1504; x_wconf 90' lang='lat' dir='ltr'><strong>nec</strong></span> <span class='ocrx_word' id='word_1_102' title='bbox 1574 1457 1666 1505; x_wconf 88' lang='lat' dir='ltr'><strong>im·</strong></span> 
     </span>
     <span class='ocr_line' id='line_1_16' title="bbox 101 1528 1497 1598; baseline 0 -16"><span class='ocrx_word' id='word_1_103' title='bbox 101 1549 212 1598; x_wconf 88' lang='lat' dir='ltr'><strong>pura</strong></span> <span class='ocrx_word' id='word_1_104' title='bbox 235 1531 434 1593; x_wconf 76' lang='lat' dir='ltr'><strong>docenS,</strong></span> <span class='ocrx_word' id='word_1_105' title='bbox 456 1546 543 1579; x_wconf 86' lang='lat' dir='ltr'><strong>nec</strong></span> <span class='ocrx_word' id='word_1_106' title='bbox 559 1529 686 1578; x_wconf 87' lang='lat' dir='ltr'><strong>alicui</strong></span> <span class='ocrx_word' id='word_1_107' title='bbox 709 1528 814 1579; x_wconf 92' lang='lat' dir='ltr'><strong>dolo</strong></span> <span class='ocrx_word' id='word_1_108' title='bbox 829 1566 841 1589; x_wconf 90' lang='lat'>‚</span> <span class='ocrx_word' id='word_1_109' title='bbox 869 1538 943 1579; x_wconf 88' lang='lat' dir='ltr'><strong>aut</strong></span> <span class='ocrx_word' id='word_1_110' title='bbox 965 1529 1193 1595; x_wconf 85' lang='lat' dir='ltr'><strong>hypocrisi</strong></span> <span class='ocrx_word' id='word_1_111' title='bbox 1209 1534 1466 1595; x_wconf 85' lang='lat' dir='ltr'><strong>conjuncta.</strong></span> <span class='ocrx_word' id='word_1_112' title='bbox 1493 1535 1497 1537; x_wconf 79' lang='grc'><strong>’</strong></span> 
     </span>
    </p>

    <p class='ocr_par' dir='ltr' id='par_1_9' title="bbox 104 1607 1666 1757">
     <span class='ocr_line' id='line_1_17' title="bbox 174 1607 1666 1675; baseline -0.001 -12"><span class='ocrx_word' id='word_1_113' title='bbox 174 1610 270 1663; x_wconf 91' lang='lat' dir='ltr'><strong>Sed</strong></span> <span class='ocrx_word' id='word_1_114' title='bbox 305 1614 419 1661; x_wconf 80' lang='lat' dir='ltr'><strong>sicut</strong></span> <span class='ocrx_word' id='word_1_115' title='bbox 452 1611 587 1660; x_wconf 89' lang='lat' dir='ltr'><strong>nobis</strong></span> <span class='ocrx_word' id='word_1_116' title='bbox 612 1613 637 1659; x_wconf 76' lang='grc' dir='ltr'>ὲ</span> <span class='ocrx_word' id='word_1_117' title='bbox 659 1607 764 1660; x_wconf 90' lang='lat' dir='ltr'><strong>Deo</strong></span> <span class='ocrx_word' id='word_1_118' title='bbox 800 1611 999 1675; x_wconf 90' lang='lat' dir='ltr'><strong>probatis</strong></span> <span class='ocrx_word' id='word_1_119' title='bbox 1039 1607 1342 1675; x_wconf 82' lang='lat' dir='ltr'><strong>Evangelium</strong></span> <span class='ocrx_word' id='word_1_120' title='bbox 1371 1614 1666 1663; x_wconf 88' lang='lat' dir='ltr'><strong>commissum</strong></span> 
     </span>
     <span class='ocr_line' id='line_1_18' title="bbox 104 1688 1483 1757; baseline -0.001 -12"><span class='ocrx_word' id='word_1_121' title='bbox 104 1703 197 1755; x_wconf 87' lang='lat' dir='ltr'><strong>est,</strong></span> <span class='ocrx_word' id='word_1_122' title='bbox 222 1695 288 1743; x_wconf 88' lang='lat' dir='ltr'><strong>sic</strong></span> <span class='ocrx_word' id='word_1_123' title='bbox 310 1692 415 1742; x_wconf 90' lang='lat' dir='ltr'><strong>illud</strong></span> <span class='ocrx_word' id='word_1_124' title='bbox 438 1695 612 1741; x_wconf 78' lang='lat' dir='ltr'><strong>sincere</strong></span> <span class='ocrx_word' id='word_1_125' title='bbox 636 1691 935 1757; x_wconf 76' lang='lat' dir='ltr'><strong>praedicamus</strong></span> <span class='ocrx_word' id='word_1_126' title='bbox 962 1688 1110 1753; x_wconf 90' lang='lat' dir='ltr'><strong>(nihil</strong></span> <span class='ocrx_word' id='word_1_127' title='bbox 1131 1691 1483 1755; x_wconf 84' lang='lat' dir='ltr'><strong>adulterantes).</strong></span> 
     </span>
    </p>

    <p class='ocr_par' dir='ltr' id='par_1_10' title="bbox 102 1770 1662 1913">
     <span class='ocr_line' id='line_1_19' title="bbox 173 1770 1662 1839; baseline 0.001 -17"><span class='ocrx_word' id='word_1_128' title='bbox 173 1770 361 1839; x_wconf 76' lang='lat' dir='ltr'><strong>Quippe</strong></span> <span class='ocrx_word' id='word_1_129' title='bbox 394 1773 475 1836; x_wconf 76' lang='lat' dir='ltr'><strong>qui</strong></span> <span class='ocrx_word' id='word_1_130' title='bbox 511 1770 775 1821; x_wconf 85' lang='lat' dir='ltr'><strong>hominibus</strong></span> <span class='ocrx_word' id='word_1_131' title='bbox 800 1770 976 1834; x_wconf 87' lang='lat' dir='ltr'><strong>placere</strong></span> <span class='ocrx_word' id='word_1_132' title='bbox 1015 1787 1111 1820; x_wconf 91' lang='lat' dir='ltr'><strong>non</strong></span> <span class='ocrx_word' id='word_1_133' title='bbox 1143 1774 1412 1835; x_wconf 74' lang='lat' dir='ltr'><strong>quaerimus,</strong></span> <span class='ocrx_word' id='word_1_134' title='bbox 1436 1772 1520 1822; x_wconf 89' lang='lat' dir='ltr'><strong>sed</strong></span> <span class='ocrx_word' id='word_1_135' title='bbox 1556 1771 1662 1824; x_wconf 90' lang='lat' dir='ltr'><strong>Deo</strong></span> 
     </span>
     <span class='ocr_line' id='line_1_20' title="bbox 102 1848 1007 1913; baseline -0.009 -12"><span class='ocrx_word' id='word_1_136' title='bbox 102 1850 240 1902; x_wconf 86' lang='lat' dir='ltr'><strong>corda</strong></span> <span class='ocrx_word' id='word_1_137' title='bbox 261 1857 415 1899; x_wconf 86' lang='lat' dir='ltr'><strong>nostra</strong></span> <span class='ocrx_word' id='word_1_138' title='bbox 436 1850 691 1913; x_wconf 84' lang='lat' dir='ltr'><strong>inspicienti</strong></span> <span class='ocrx_word' id='word_1_139' title='bbox 712 1855 756 1896; x_wconf 88' lang='lat' dir='ltr'><strong>et</strong></span> <span class='ocrx_word' id='word_1_140' title='bbox 778 1848 1007 1894; x_wconf 84' lang='lat' dir='ltr'><strong>scrutanti.</strong></span> 
     </span>
    </p>

    <p class='ocr_par' dir='ltr' id='par_1_11' title="bbox 105 1923 1665 2064">
     <span class='ocr_line' id='line_1_21' title="bbox 176 1923 1665 1994; baseline 0.001 -16"><span class='ocrx_word' id='word_1_141' title='bbox 176 1926 274 1978; x_wconf 88' lang='lat' dir='ltr'><strong>Vos</strong></span> <span class='ocrx_word' id='word_1_142' title='bbox 297 1929 382 1992; x_wconf 86' lang='lat' dir='ltr'><strong>ipsi</strong></span> <span class='ocrx_word' id='word_1_143' title='bbox 404 1929 527 1976; x_wconf 87' lang='lat' dir='ltr'><strong>scitis</strong></span> <span class='ocrx_word' id='word_1_144' title='bbox 548 1926 668 1991; x_wconf 74' lang='lat' dir='ltr'><strong>quod</strong></span> <span class='ocrx_word' id='word_1_145' title='bbox 694 1924 916 1989; x_wconf 81' lang='lat' dir='ltr'><strong>placentia</strong></span> <span class='ocrx_word' id='word_1_146' title='bbox 939 1932 982 1973; x_wconf 91' lang='lat' dir='ltr'><strong>et</strong></span> <span class='ocrx_word' id='word_1_147' title='bbox 1006 1923 1251 1975; x_wconf 87' lang='lat' dir='ltr'><strong>adulatoria</strong></span> <span class='ocrx_word' id='word_1_148' title='bbox 1270 1928 1411 1977; x_wconf 87' lang='lat' dir='ltr'><strong>verba</strong></span> <span class='ocrx_word' id='word_1_149' title='bbox 1433 1945 1665 1994; x_wconf 88' lang='lat' dir='ltr'><strong>nunquam</strong></span> 
     </span>
     <span class='ocr_line' id='line_1_22' title="bbox 105 2002 842 2064; baseline -0.008 -7"><span class='ocrx_word' id='word_1_150' title='bbox 105 2008 266 2058; x_wconf 86' lang='lat' dir='ltr'><strong>sectati</strong></span> <span class='ocrx_word' id='word_1_151' title='bbox 283 2003 499 2056; x_wconf 83' lang='lat' dir='ltr'><strong>fuerimus</strong></span> <span class='ocrx_word' id='word_1_152' title='bbox 524 2002 642 2063; x_wconf 81' lang='lat' dir='ltr'><strong>(sed</strong></span> <span class='ocrx_word' id='word_1_153' title='bbox 666 2002 782 2052; x_wconf 86' lang='lat' dir='ltr'><strong>utilia</strong></span> <span class='ocrx_word' id='word_1_154' title='bbox 802 2002 842 2064; x_wconf 88' lang='lat'><strong>).</strong></span> 
     </span>
    </p>

    <p class='ocr_par' dir='ltr' id='par_1_12' title="bbox 107 2082 1667 2230">
     <span class='ocr_line' id='line_1_23' title="bbox 169 2082 1667 2152; baseline 0.002 -17"><span class='ocrx_word' id='word_1_155' title='bbox 169 2083 305 2136; x_wconf 70' lang='lat' dir='ltr'><strong>‘Deus</strong></span> <span class='ocrx_word' id='word_1_156' title='bbox 329 2087 427 2148; x_wconf 88' lang='lat' dir='ltr'><strong>ipse</strong></span> <span class='ocrx_word' id='word_1_157' title='bbox 447 2085 532 2133; x_wconf 81' lang='lat' dir='ltr'><strong>scit</strong></span> <span class='ocrx_word' id='word_1_158' title='bbox 555 2083 679 2147; x_wconf 72' lang='lat' dir='ltr'><strong>qubd</strong></span> <span class='ocrx_word' id='word_1_159' title='bbox 698 2099 792 2131; x_wconf 86' lang='lat' dir='ltr'><strong>non</strong></span> <span class='ocrx_word' id='word_1_160' title='bbox 814 2082 1157 2149; x_wconf 71' lang='lat' dir='ltr'><strong>praedicavimus</strong></span> <span class='ocrx_word' id='word_1_161' title='bbox 1179 2087 1331 2135; x_wconf 90' lang='lat' dir='ltr'><strong>animo</strong></span> <span class='ocrx_word' id='word_1_162' title='bbox 1352 2088 1562 2152; x_wconf 86' lang='lat' dir='ltr'><strong>pecuniae</strong></span> <span class='ocrx_word' id='word_1_163' title='bbox 1585 2105 1667 2139; x_wconf 91' lang='lat' dir='ltr'><strong>cu-</strong></span> 
     </span>
     <span class='ocr_line' id='line_1_24' title="bbox 101 2159 1577 2230; baseline 0.001 -18.008"><span class='ocrx_word' id='word_1_164' title='bbox 101 2161 218 2230; x_wconf 88' lang='lat' dir='ltr'><strong>pido</strong></span> <span class='ocrx_word' id='word_1_165' title='bbox 242 2159 264 2221; x_wconf 88' lang='lat'>(</span> <span class='ocrx_word' id='word_1_166' title='bbox 284 2178 366 2211; x_wconf 89' lang='lat' dir='ltr'><strong>seu</strong></span> <span class='ocrx_word' id='word_1_167' title='bbox 391 2168 441 2210; x_wconf 86' lang='lat' dir='ltr'><strong>ut</strong></span> <span class='ocrx_word' id='word_1_168' title='bbox 463 2167 744 2224; x_wconf 87' lang='lat' dir='ltr'><strong>captaremus</strong></span> <span class='ocrx_word' id='word_1_169' title='bbox 766 2161 1055 2209; x_wconf 86' lang='lat' dir='ltr'><strong>occasionem</strong></span> <span class='ocrx_word' id='word_1_170' title='bbox 1079 2178 1164 2210; x_wconf 86' lang='lat' dir='ltr'><strong>nos</strong></span> <span class='ocrx_word' id='word_1_171' title='bbox 1186 2167 1318 2212; x_wconf 77' lang='lat' dir='ltr'><strong>avare</strong></span> <span class='ocrx_word' id='word_1_172' title='bbox 1343 2164 1515 2214; x_wconf 90' lang='lat' dir='ltr'><strong>ditandi</strong></span> <span class='ocrx_word' id='word_1_173' title='bbox 1535 2165 1577 2226; x_wconf 84' lang='lat'><strong>).</strong></span> 
     </span>
    </p>

    <p class='ocr_par' dir='ltr' id='par_1_13' title="bbox 177 2234 1664 2308">
     <span class='ocr_line' id='line_1_25' title="bbox 177 2234 1664 2308; baseline 0.004 -21"><span class='ocrx_word' id='word_1_174' title='bbox 177 2234 283 2288; x_wconf 88' lang='lat' dir='ltr'><strong>Nec</strong></span> <span class='ocrx_word' id='word_1_175' title='bbox 307 2238 462 2286; x_wconf 87' lang='lat' dir='ltr'><strong>animo</strong></span> <span class='ocrx_word' id='word_1_176' title='bbox 485 2235 701 2287; x_wconf 87' lang='lat' dir='ltr'><strong>humanae</strong></span> <span class='ocrx_word' id='word_1_177' title='bbox 739 2236 894 2302; x_wconf 86' lang='lat' dir='ltr'><strong>gloriae</strong></span> <span class='ocrx_word' id='word_1_178' title='bbox 931 2236 1096 2300; x_wconf 91' lang='lat' dir='ltr'><strong>cupido</strong></span> <span class='ocrx_word' id='word_1_179' title='bbox 1136 2257 1148 2287; x_wconf 73' lang='grc' dir='ltr'><strong>ι</strong></span> <span class='ocrx_word' id='word_1_180' title='bbox 1186 2238 1306 2289; x_wconf 89' lang='lat' dir='ltr'><strong>illam</strong></span> <span class='ocrx_word' id='word_1_181' title='bbox 1346 2258 1433 2291; x_wconf 90' lang='lat' dir='ltr'><strong>nec</strong></span> <span class='ocrx_word' id='word_1_182' title='bbox 1457 2244 1664 2308; x_wconf 75' lang='lat' dir='ltr'><strong>avobis,</strong></span> 
     </span>
    </p>
   </div>
   <div class='ocr_carea' id='block_1_7' title="bbox 0 2315 945 2387">
    <p class='ocr_par' dir='ltr' id='par_1_14' title="bbox 0 2315 945 2387">
     <span class='ocr_line' id='line_1_26' title="bbox 0 2315 945 2387; baseline -0.002 -21"><span class='ocrx_word' id='word_1_183' title='bbox 0 2328 2 2387; x_wconf 60' lang='lat' dir='ltr'><strong><em>g</em></strong></span> <span class='ocrx_word' id='word_1_184' title='bbox 108 2332 199 2366; x_wconf 83' lang='lat' dir='ltr'><strong>nec</strong></span> <span class='ocrx_word' id='word_1_185' title='bbox 213 2315 270 2364; x_wconf 89' lang='lat' dir='ltr'><strong>ab</strong></span> <span class='ocrx_word' id='word_1_186' title='bbox 297 2315 391 2364; x_wconf 90' lang='lat' dir='ltr'><strong>aliis</strong></span> <span class='ocrx_word' id='word_1_187' title='bbox 416 2317 708 2379; x_wconf 89' lang='lat' dir='ltr'><strong>quaesivimus</strong></span> <span class='ocrx_word' id='word_1_188' title='bbox 730 2332 945 2382; x_wconf 90' lang='lat' dir='ltr'><strong>unquam.</strong></span> 
     </span>
    </p>
   </div>
   <div class='ocr_carea' id='block_1_8' title="bbox 110 2407 1672 2793">
    <p class='ocr_par' dir='ltr' id='par_1_15' title="bbox 110 2407 1669 2703">
     <span class='ocr_line' id='line_1_27' title="bbox 177 2407 1667 2478; baseline 0.01 -20"><span class='ocrx_word' id='word_1_189' title='bbox 177 2407 424 2470; x_wconf 77' lang='lat' dir='ltr'><strong>(Tantum</strong></span> <span class='ocrx_word' id='word_1_190' title='bbox 444 2411 575 2461; x_wconf 89' lang='lat' dir='ltr'><strong>abest</strong></span> <span class='ocrx_word' id='word_1_191' title='bbox 601 2420 651 2461; x_wconf 89' lang='lat' dir='ltr'><strong>ut</strong></span> <span class='ocrx_word' id='word_1_192' title='bbox 669 2409 973 2478; x_wconf 81' lang='lat' dir='ltr'><strong>Evangelium</strong></span> <span class='ocrx_word' id='word_1_193' title='bbox 1002 2418 1283 2467; x_wconf 87' lang='lat' dir='ltr'><strong>erexerimus</strong></span> <span class='ocrx_word' id='word_1_194' title='bbox 1308 2420 1354 2468; x_wconf 88' lang='lat' dir='ltr'><strong>in</strong></span> <span class='ocrx_word' id='word_1_195' title='bbox 1375 2420 1526 2470; x_wconf 80' lang='lat' dir='ltr'><strong>titulos</strong></span> <span class='ocrx_word' id='word_1_196' title='bbox 1551 2439 1667 2473; x_wconf 87' lang='lat' dir='ltr'><strong>ava-</strong></span> 
     </span>
     <span class='ocr_line' id='line_1_28' title="bbox 110 2485 1669 2562; baseline 0.01 -28"><span class='ocrx_word' id='word_1_197' title='bbox 110 2486 226 2537; x_wconf 78' lang='lat' dir='ltr'><strong>ritiae</strong></span> <span class='ocrx_word' id='word_1_198' title='bbox 251 2493 299 2535; x_wconf 86' lang='lat' dir='ltr'><strong>et</strong></span> <span class='ocrx_word' id='word_1_199' title='bbox 333 2486 589 2550; x_wconf 77' lang='lat' dir='ltr'><strong>superbiae,</strong></span> <span class='ocrx_word' id='word_1_200' title='bbox 613 2485 635 2546; x_wconf 88' lang='lat'><em>)</em></span> <span class='ocrx_word' id='word_1_201' title='bbox 673 2490 907 2552; x_wconf 87' lang='lat' dir='ltr'><strong>quinimo,</strong></span> <span class='ocrx_word' id='word_1_202' title='bbox 939 2493 1044 2539; x_wconf 79' lang='lat' dir='ltr'><strong>cum</strong></span> <span class='ocrx_word' id='word_1_203' title='bbox 1069 2504 1339 2556; x_wconf 87' lang='lat' dir='ltr'><strong>possemus,</strong></span> <span class='ocrx_word' id='word_1_204' title='bbox 1377 2504 1425 2544; x_wconf 87' lang='lat' dir='ltr'><strong>ut</strong></span> <span class='ocrx_word' id='word_1_205' title='bbox 1452 2492 1669 2562; x_wconf 84' lang='lat' dir='ltr'><strong>Apostoli</strong></span> 
     </span>
     <span class='ocr_line' id='line_1_29' title="bbox 111 2559 1668 2627; baseline 0.009 -14"><span class='ocrx_word' id='word_1_206' title='bbox 111 2559 320 2624; x_wconf 78' lang='lat' dir='ltr'><strong>Christi,</strong></span> <span class='ocrx_word' id='word_1_207' title='bbox 350 2563 484 2613; x_wconf 87' lang='lat' dir='ltr'><strong>vobis</strong></span> <span class='ocrx_word' id='word_1_208' title='bbox 504 2564 633 2614; x_wconf 88' lang='lat' dir='ltr'><strong>oneri</strong></span> <span class='ocrx_word' id='word_1_209' title='bbox 657 2580 760 2615; x_wconf 89' lang='lat' dir='ltr'><strong>esse</strong></span> <span class='ocrx_word' id='word_1_210' title='bbox 782 2573 798 2624; x_wconf 92' lang='lat'>(</span> <span class='ocrx_word' id='word_1_211' title='bbox 836 2565 1050 2619; x_wconf 85' lang='lat' dir='ltr'><strong>alimenta</strong></span> <span class='ocrx_word' id='word_1_212' title='bbox 1074 2576 1117 2617; x_wconf 84' lang='lat' dir='ltr'><strong>et</strong></span> <span class='ocrx_word' id='word_1_213' title='bbox 1144 2572 1249 2621; x_wconf 87' lang='lat' dir='ltr'><strong>vitae</strong></span> <span class='ocrx_word' id='word_1_214' title='bbox 1269 2575 1523 2624; x_wconf 86' lang='lat' dir='ltr'><strong>necessaria</strong></span> <span class='ocrx_word' id='word_1_215' title='bbox 1550 2578 1668 2627; x_wconf 87' lang='lat' dir='ltr'><strong>exi-</strong></span> 
     </span>
     <span class='ocr_line' id='line_1_30' title="bbox 113 2639 333 2703; baseline 0.005 -15"><span class='ocrx_word' id='word_1_216' title='bbox 113 2647 275 2703; x_wconf 84' lang='lat' dir='ltr'><strong>gentes</strong></span> <span class='ocrx_word' id='word_1_217' title='bbox 294 2639 333 2700; x_wconf 89' lang='lat'><strong>).</strong></span> 
     </span>
    </p>

    <p class='ocr_par' dir='ltr' id='par_1_16' title="bbox 181 2708 1672 2793">
     <span class='ocr_line' id='line_1_31' title="bbox 181 2708 1672 2793; baseline 0.015 -31"><span class='ocrx_word' id='word_1_218' title='bbox 181 2708 311 2767; x_wconf 86' lang='lat' dir='ltr'><strong>Facti</strong></span> <span class='ocrx_word' id='word_1_219' title='bbox 351 2731 505 2765; x_wconf 91' lang='lat' dir='ltr'><strong>sumus</strong></span> <span class='ocrx_word' id='word_1_220' title='bbox 544 2717 662 2767; x_wconf 89' lang='lat' dir='ltr'><strong>inter</strong></span> <span class='ocrx_word' id='word_1_221' title='bbox 709 2735 794 2769; x_wconf 85' lang='lat' dir='ltr'><strong>vos</strong></span> <span class='ocrx_word' id='word_1_222' title='bbox 834 2722 1039 2785; x_wconf 85' lang='lat' dir='ltr'><strong>parvuli,</strong></span> <span class='ocrx_word' id='word_1_223' title='bbox 1068 2722 1196 2784; x_wconf 83' lang='lat' dir='ltr'><strong>(nec</strong></span> <span class='ocrx_word' id='word_1_224' title='bbox 1229 2734 1542 2793; x_wconf 79' lang='lat' dir='ltr'><strong>potestatem,</strong></span> <span class='ocrx_word' id='word_1_225' title='bbox 1582 2750 1672 2784; x_wconf 87' lang='lat' dir='ltr'><strong>nec</strong></span> 
     </span>
    </p>
   </div>
   <div class='ocr_carea' id='block_1_9' title="bbox 112 2793 1666 2926">
    <p class='ocr_par' dir='ltr' id='par_1_17' title="bbox 112 2793 1666 2924">
     <span class='ocr_line' id='line_1_32' title="bbox 112 2793 1666 2869; baseline 0.014 -31"><span class='ocrx_word' id='word_1_226' title='bbox 112 2793 423 2841; x_wconf 87' lang='lat' dir='ltr'><strong>auctoritatem</strong></span> <span class='ocrx_word' id='word_1_227' title='bbox 439 2793 744 2859; x_wconf 85' lang='lat' dir='ltr'><strong>allegantes),</strong></span> <span class='ocrx_word' id='word_1_228' title='bbox 767 2802 892 2864; x_wconf 90' lang='lat' dir='ltr'><strong>quasi</strong></span> <span class='ocrx_word' id='word_1_229' title='bbox 914 2804 1064 2851; x_wconf 77' lang='lat' dir='ltr'><strong>nutrix</strong></span> <span class='ocrx_word' id='word_1_230' title='bbox 1083 2811 1224 2853; x_wconf 85' lang='lat' dir='ltr'><strong>mater</strong></span> <span class='ocrx_word' id='word_1_231' title='bbox 1241 2806 1388 2869; x_wconf 86' lang='lat' dir='ltr'><strong>proles</strong></span> <span class='ocrx_word' id='word_1_232' title='bbox 1408 2823 1510 2858; x_wconf 89' lang='lat' dir='ltr'><strong>suas</strong></span> <span class='ocrx_word' id='word_1_233' title='bbox 1528 2810 1666 2860; x_wconf 83' lang='lat' dir='ltr'><strong>blan-</strong></span> 
     </span>
     <span class='ocr_line' id='line_1_33' title="bbox 116 2867 686 2926; baseline 0.011 -9"><span class='ocrx_word' id='word_1_234' title='bbox 116 2867 174 2918; x_wconf 74' lang='lat' dir='ltr'><strong>de</strong></span> <span class='ocrx_word' id='word_1_235' title='bbox 196 2867 362 2922; x_wconf 85' lang='lat' dir='ltr'><strong>fovens</strong></span> <span class='ocrx_word' id='word_1_236' title='bbox 395 2887 447 2921; x_wconf 88' lang='lat' dir='ltr'><strong>ac</strong></span> <span class='ocrx_word' id='word_1_237' title='bbox 468 2874 686 2926; x_wconf 76' lang='lat' dir='ltr'><strong>nutrienS.</strong></span> 
     </span>
    </p>
   </div>
  </div>
 </body>
</html>
