1800 3158
174 71 281 136 412
403 88 586 125 PmMAE
621 80 880 126 Ems'roLAE
916 90 990 127 An
1025 88 1534 134 Τπεεεησκιοῑκεῑε
1554 58 1593 138 ζ

247 161 295 211 8.
318 155 401 210 Ita
426 155 788 214 desiderantes
827 178 958 224 vos,
988 159 1178 231 cupidc
1204 159 1515 237 volebamus
1555 174 1573 221 1
1697 191 1757 228 re

178 233 330 292 vobis
355 256 465 292 non
501 235 677 293 solum
716 236 1068 310 Evangelium
1090 237 1229 309 Dei,
1256 240 1349 297 sed
1373 241 1536 302 etiam
1540 157 1758 316 affin

177 335 388 380 nostras
406 323 694 394 ,quoniam
716 323 1014 383 charissimi
1033 325 1189 384 nobis
1213 325 1340 386 facti
1358 328 1502 388 estis.

245 668 294 721 9.
320 631 598 702 Memores
639 646 781 702 enim
820 645 942 704 estis
962 690 974 714 ‚
1006 645 1230 716 fratres,
1273 647 1473 711 laboris
1508 648 1680 709 nostri
1706 661 1763 708 et

173 733 497 806 fatigationis
519 759 530 789 :
555 748 710 791 nocte
734 757 795 791 ac
811 735 896 791 die
919 748 1201 805 operantes
1220 779 1235 804 ‚
1258 757 1325 792 ne
1342 757 1504 806 quem
1522 739 1758 797 vesti-dm

175 844 546 896 gravaremus,
576 822 979 893 praedicavimus
997 823 1053 879 in
1078 823 1228 881 vobis
1257 825 1607 899 Evangelium
1625 827 1758 884 Dei.

249 977 331 1007 ιο.
357 951 472 1006 Vos
501 962 657 1007 testes
673 950 796 1006 estis
819 962 870 1006 et
889 950 1040 1007 Deus
1061 993 1075 1019 ,
1098 954 1258 1020 quam
1279 953 1459 1008 sancte
1477 994 1492 1021 ‚
1517 938 1755 1027 et'jusffi„

175 1052 228 1098 et
255 1042 371 1097 sine
400 1041 634 1110 querela,
660 1039 841 1107 vobis,
869 1039 962 1110 qui
991 1039 1287 1096 credidistis
1307 1084 1318 1107 ,
1337 1040 1549 1117 ‘fuimus
1572 1061 1587 1095 ε

246 1252 268 1282 1
283 1252 326 1283 1.
350 1226 500 1283 Sicut
518 1226 674 1294 scitis,
699 1225 922 1296 qualiter
944 1247 1385 1296 unumquemque
1405 1229 1638 1325 vestrum
1657 1227 1758 1320 (si-

176 1325 264 1369 cut
290 1326 439 1383 pater
477 1312 618 1369 filios
653 1319 819 1379 suos)

247 1422 324 1458 12.
356 1402 721 1471 Deprecantcs
745 1422 871 1467 vos,
895 1411 945 1453 et
978 1399 1344 1467 consolatum,
1376 1399 1644 1458 testificati
1666 1422 1756 1458 su-

172 1496 321 1555 mus,
352 1501 410 1543 ut
433 1487 774 1543 ambularetis
803 1486 956 1559 digne
987 1487 1111 1544 Deo
1134 1532 1148 1558 ,
1192 1485 1283 1557 qui
1318 1494 1522 1544 vocavit
1562 1507 1657 1545 vos
1695 1486 1754 1543 in

174 1599 334 1635 suum
355 1590 579 1648 regnum
607 1588 658 1631 et
682 1576 925 1648 gloriam.

238 1807 330 1858 13.
358 1801 485 1856 ldeo
510 1812 560 1856 et
596 1820 693 1855 nos
718 1797 909 1870 gratias
935 1795 1141 1868 agimus
1168 1795 1291 1850 Deo
1334 1793 1448 1868 sine
1480 1791 1721 1850 intermis
1740 1824 1757 1833 ·

175 1892 327 1950 sione
351 1917 360 1947 :
386 1888 643 1959 quoniam
674 1893 796 1942 cum
813 1882 1156 1954 *accepissetis
1182 1886 1210 1938 a
1234 1878 1389 1937 nobis
1411 1879 1631 1936 verbum
1650 1899 1750 1935 au·

103 2011 106 2014 ⁴
175 1979 467 2044 ditsts‘DeL
490 1976 763 2047 accepistis
788 1975 939 2041 illud,
967 1995 1077 2028 non
1115 1983 1170 2026 ut
1196 1971 1419 2033 verbum
1445 1968 1752 2036 hominum,

178 2072 273 2128 sed
298 2070 450 2134 (sicut
473 2080 549 2123 est
574 2069 719 2132 vere)
746 2066 966 2121 verbum
989 2062 1095 2119 Dei
1120 2060 1208 2132 qui
1229 2072 1482 2131 operatur
1502 2059 1559 2116 in
1585 2056 1758 2124 vobi8‚

179 2160 271 2231 qui
295 2156 604 2214 credidistis.

254 2419 332 2480 14·
359 2412 472 2467 Vos
496 2407 640 2464 enim
662 2405 954 2461 imitatores
979 2402 1101 2459 facti
1125 2401 1247 2458 estis
1267 2444 1281 2468 ,
1306 2398 1524 2465 fratres,
1565 2394 1757 2452 Eccle-

178 2501 380 2559 siarum
408 2495 515 2551 Dei
535 2517 651 2566 quae
693 2493 889 2550 suntin
913 2492 944 2548 J
954 2491 1101 2548 udae&
1130 2489 1184 2544 in
1211 2487 1428 2544 Christo
1451 2485 1613 2554 lesu,
1632 2482 1760 2555 quia

179 2589 369 2646 eadem
402 2582 541 2654 passi
565 2582 689 2638 estis
712 2594 762 2637 et
788 2602 881 2638 vos
909 2585 939 2637 ὲ
963 2577 1346 2638 contribulibus
1368 2572 1587 2639 vestris,
1618 2571 1758 2628 sicut

179 2690 231 2734 et
251 2675 351 2745 ipsi
381 2678 410 2727 ὲ
429 2671 624 2727 Judaeis
644 2695 657 2722 z

253 2771 332 2820 15.
356 2762 461 2832 Qui
481 2773 531 2817 et
554 2757 852 2815 Dominum
874 2756 1184 2814 occiderunt
1205 2752 1391 2810 Jesum
1410 2794 1425 2822 ‚
1450 2762 1502 2808 et
1523 2745 1758 2821 prophe-
