1800 3158
489 67 702 124 wmx·
739 86 1021 124 Exposvrm.
1058 71 1176 135 Cap.
1213 72 1258 121 I.
1371 92 1385 97 -
1557 72 1665 133 403

156 151 415 212 ⁸cessarunt
437 162 527 224 iam
547 161 757 210 miracula
780 157 1019 225 Evangelii
1036 160 1289 210 doctrinam
1313 160 1624 222 confirmantia
1644 181 1658 221 ;

67 278 73 289 2
103 245 430 293 caveattamen
455 237 747 307 ⁸evangelicus
783 241 1080 288 concionator
1099 255 1160 287 ne
1191 255 1267 286 sua
1287 237 1545 301 praedicatio
1570 247 1662 290 stet:

104 314 222 362 intra
258 311 431 376 verba,
469 329 548 362 seu
586 315 641 362 sit
682 317 731 362 in
758 330 972 362 sermone
997 318 1170 363 tanturn
1198 313 1315 362 :sed
1348 329 1488 376 opere
1522 315 1665 364 verba

105 389 414 455 comprobet,
445 393 795 440 conversatione
819 391 1101 441 demonstret
1126 408 1178 440 ea
1198 407 1296 455 quae
1321 390 1465 439 verbo
1494 391 1660 443 docet:

104 473 276 516 sanctae
295 468 401 516 vitae
419 466 629 533 exempla
650 470 740 517 sint
762 468 874 517 illius
893 469 1102 518 miracula
1118 506 1130 530 ‚
1156 484 1237 517 seu
1260 470 1347 516 sint
1372 468 1431 517 illi
1458 472 1663 520 miracu·

106 542 253 595 lorum
284 545 404 594 vice.
1534 564 1536 566 ’

173 615 230 675 fi,
249 621 296 674 6.
319 625 381 673 Et
411 642 495 677 vos·
529 625 786 672 imitatores
823 620 1034 671 nostri...
1063 620 1124 673 Et
1157 630 1264 674 sane
1289 643 1383 675 non
1408 643 1485 675 me
1509 644 1652 677 meo-

104 718 207 753 rum
229 703 420 766 poeuitet
445 701 645 750 laborum
664 737 678 762 ,
716 700 832 749 adeo
855 699 965 748 setix
989 699 1070 749 suit
1093 719 1248 752 eorum
1271 719 1520 752 successus.

99 806 101 808 ·
178 778 277 827 Vos
319 780 443 827 enirn
481 777 625 827 nostri
660 795 754 827 non
791 781 962 825 tantum
988 780 1244 828 imitatores
1280 777 1383 828 facti
1410 782 1543 838 estis3
1575 781 1660 830 sed

107 851 231 917 quod
251 851 348 916 plus
366 859 432 900 cst
443 887 458 910 ,
490 851 665 899 Christi
680 853 884 900 Domini.

174 929 478 992 Excipientes
516 924 788 977 Verbum...
827 930 874 975 in
912 926 1003 976 hoc
1037 927 1231 988 scilicet,
1276 932 1397 994 quod
1422 929 1661 994 Evangelii

109 1005 334 1064 verbum,
375 1020 477 1052 cum
505 999 695 1066 Spiritus
715 1004 859 1051 sancti
885 1001 1045 1066 gaudio
1069 1006 1333 1069 recepistis,
1361 1005 1463 1055 licet
1485 1005 1660 1056 medias

108 1082 248 1142 inter
229 1076 558 1128 tribulationes
583 1078 765 1128 multas

175 1154 303 1221 Lege
322 1151 431 1204 Act.
450 1171 548 1219 cap.
580 1172 666 1219 17,
686 1163 732 1204 et
752 1154 930 1204 videbis
959 1155 1083 1220 quod
1103 1155 1231 1204 hoc
1219 1174 1319 1220 ipso
1344 1165 1550 1222 tempore
1570 1174 1660 1222 quo
1720 1200 1725 1211 t

111 1232 546 1287 Thessalonicenses
571 1230 873 1297 Evangelium
915 1236 1033 1298 redi*
1023 1236 1221 1295 iebant,
1257 1235 1395 1284 multa
1418 1240 1535 1298 passi
1558 1243 1663 1285 sunt

105 1316 292 1374 propter
307 1307 440 1368 illud,
466 1324 559 1355 non
577 1315 832 1356 constanter
860 1311 1035 1357 tantum
1052 1344 1065 1369 ,
1091 1307 1172 1357 sed
1197 1316 1242 1357 et
1268 1307 1467 1358 alacriter
1488 1318 1532 1360 et
1557 1327 1660 1359 curn

109 1386 320 1453 spirituali
345 1385 508 1436 laetitizi.

174 1463 237 1516 Et
262 1468 308 1515 in
330 1465 421 1515 hoc
453 1465 699 1513 imitatores
720 1461 823 1512 sacti
846 1470 950 1512 sunt
975 1459 1103 1511 Pauli
1131 1470 1174 1512 et
1200 1462 1384 1511 aliorum
1408 1459 1666 1527 Apostolo-

107 1560 239 1605 rum,
276 1546 352 1608 qui
388 1550 572 1607 propter
597 1537 898 1604 Evangeliurn
934 1539 1071 1588 multa
1101 1543 1217 1604 passi
1246 1547 1349 1588 sunt
1382 1539 1630 1604 gaudentes
1656 1559 1669 1589 ε

108 1624 258 1672 Ibant
280 1622 492 1686 Apostoli
509 1621 762 1683 gaudentes
786 1621 817 1666 ὰ
842 1626 1084 1681 conspectu
1110 1619 1325 1682 concilii,
1348 1628 1434 1668 etc.

177 1699 346 1752 Christi
380 1698 572 1750 Domini
593 1697 695 1747 facti
730 1705 834 1747 sunt
858 1698 1129 1758 imitatores,
1167 1699 1243 1759 qui
1264 1703 1329 1745 tut
1359 1705 1404 1746 et
1433 1704 1553 1746 tanta
1581 1714 1664 1762 pro

109 1778 246 1828 nobis
284 1775 492 1843 pertulit,
537 1777 704 1840 quique
739 1774 997 1837 passionem
1033 1788 1160 1820 suam
1187 1774 1410 1835 reputavit
1445 1771 1662 1836 gloriam,

109 1851 238 1905 Patri
264 1871 346 1904 suo
371 1854 525 1903 dicens
546 1873 557 1902 ι
599 1851 824 1914 Clarifica
851 1866 971 1898 me...

538 1985 966 2048 onsrinvA'rroNEs
1001 2010 1254 2048 Monstras.

180 2148 350 2214 Papae!
382 2146 602 2197 exclamat
629 2142 692 2196 D.
727 2143 1112 2214 chrysostomus,
1139 2155 1355 2213 quantum
1378 2149 1663 2197 encomium!

115 2229 322 2295 discipuli
361 2231 551 2292 repente
582 2225 684 2276 sacti
717 2235 820 2276 sunt
851 2229 1080 2293 magistri:
1108 2245 1201 2277 non
1239 2227 1385 2277 solum
1430 2227 1670 2276 audierunt

118 2309 310 2358 verbum
330 2345 341 2366 ,
368 2307 453 2356 sed
477 2306 532 2355 ad
564 2306 686 2356 idem
715 2315 1021 2371 pervenerunt
1047 2305 1271 2370 fastigium
1296 2307 1353 2355 ad
1389 2305 1510 2370 quod
1537 2302 1668 2353 Pau-

117 2384 218 2433 lus:
248 2383 330 2432 sed
353 2382 444 2431 hoc
459 2381 571 2432 nihil
598 2391 695 2444 est,
737 2385 993 2432 imitatores
1001 2382 1136 2447 sacti
1160 2385 1268 2433 cste's
1295 2384 1498 2433 Domini.

190 2457 318 2511 Hinc
338 2460 482 2523 primo
521 2460 738 2508 erubesce
761 2496 775 2521 ,
814 2462 915 2525 quia
943 2470 1181 2510 veteranus
1198 2497 1210 2521 ‚
1237 2469 1338 2525 post
1361 2469 1427 2510 tot
1454 2475 1600 2510 annos
1622 2461 1671 2509 in

120 2538 212 2589 fide
233 2544 507 2596 transactos,
535 2552 629 2583 non
656 2535 842 2598 gaudes,
869 2537 961 2584 imo
988 2539 1186 2597 tristaris,
1210 2538 1353 2602 gemis
1377 2545 1419 2586 et
1443 2536 1673 2586 reluctaris

120 2615 169 2663 in
208 2612 490 2678 passionibus
526 2627 634 2676 quas
666 2609 726 2658 illi
771 2617 959 2676 tyrones
999 2611 1195 2660 tulerunt
1235 2610 1434 2659 alacriter
1471 2617 1515 2659 et
1556 2613 1674 2673 gau-

0 2691 1 2714 *
122 2691 299 2741 dentes.

0 2724 3 2797 l
190 2762 404 2815 Secundo
423 2798 436 2824 ,
470 2763 593 2814 disce
625 2765 649 2811 a
677 2780 770 2827 quo
793 2772 840 2814 et
873 2763 1104 2828 quomodo
1130 2762 1206 2813 fiat
1227 2762 1297 2812 illa
1326 2759 1538 2811 mirabilis
1566 2762 1675 2811 unio

126 2843 422 2894 tribulationis
442 2851 484 2894 et
509 2842 657 2910 gaudii
679 2847 727 2895 in
745 2843 882 2894 corde
903 2843 1043 2895 fideli.
