1806 3164
167 127 192 168 '1
201 136 232 187 9
239 135 264 165 2
575 132 603 166 F.
608 134 832 172 PJSTOLAE
868 139 898 174 A
905 139 936 174 D
969 139 1333 183 Pmupmmssss

237 222 314 254 11.
337 199 548 269 Repleti
578 199 752 256 fructu
779 203 992 272 justitiae
1013 230 1109 278 per
1135 213 1323 311 Jesum
1355 212 1661 290 Christum,
1677 220 1744 278 in
1791 182 1795 183 i

165 284 387 356 gloriam
411 299 463 342 et
490 288 702 345 laudem
730 292 850 349 Dei.

237 374 488 430 12.Scire
515 389 692 433 autem
735 400 844 436 vos
863 380 984 437 volo
1006 426 1020 450 ,
1047 382 1235 441 fratres
1254 427 1270 453 ,
1295 387 1426 456 quia
1449 410 1576 458 quae.
1595 391 1741 451 circa

163 483 248 516 me
273 476 394 518 sunt
411 508 424 533 ‚
450 466 618 540 magis
643 467 710 522 ad
742 469 1037 538 profectum
1061 489 1318 530 venerunt:
1341 476 1635 550 Evangelii.

236 555 310 605 13.
342 551 420 605 lta
448 565 502 607 ut
537 553 745 608 vincula
767 576 883 610 mea
905 556 1177 615 manifesta
1199 561 1389 616 fierent
1409 560 1468 618 in
1501 563 1742 624 Christo¹

163 631 219 686 in
241 634 384 688 omni
407 636 674 705 praetorio,
702 650 750 691 et
772 638 825 691 in
854 639 1052 695 caeteris
1075 641 1351 707 omnibus;

236 728 314 787 14·
342 723 407 777 Et
447 724 627 793 plures
667 728 694 779 ὲ
739 726 991 782 fratribus
1011 770 1026 795 ‚
1051 727 1105 782 in
1131 729 1372 784 Domino
1404 720 1740 789 confidentes

163 809 388 867 vinculis
416 812 546 867 meis
563 856 576 879 ‚
609 814 962 872 abundantius
981 816 1236 873 auderent
1258 819 1372 876 sine
1397 820 1590 877 timore
1607 841 1734 877 ver-

163 898 292 953 bum
324 900 431 954 Dei
454 900 615 970 loqui.

235 993 311 1042 15.
341 988 582 1061 Quidam
610 991 825 1060 quidem
847 1004 896 1046 et
926 1006 1143 1069 propter
1167 993 1428 1054 invidiam
1447 1007 1498 1052 et
1514 1007 1739 1052 conten·

162 1077 362 1131 tionem
387 1102 398 1141 ς
431 1078 648 1146 quidam
672 1092 849 1134 autem
882 1093 932 1134 et
955 1093 1172 1150 propter
1186 1083 1386 1139 bonam
1407 1083 1740 1140 voluntatem

166 1163 438 1221 Christum
473 1165 775 1234 praedicant,

237 1254 312 1306 16.
339 1250 576 1325 Quidam
607 1273 666 1306 ex
706 1251 987 1318 charitate,
1017 1252 1247 1310 scientes
1270 1252 1526 1324 quoniam
1558 1250 1616 1307 in
1635 1252 1737 1341 de.-

160 1337 454 1396 sensionem
482 1341 752 1412 Evangelii
779 1340 980 1410 positus
1006 1363 1144 1397 sum.

228 1516 310 1560 «7.
356 1491 594 1564 Quidam
637 1504 815 1546 autem
850 1512 908 1547 ex
935 1491 1275 1548 contentione
1304 1490 1581 1548 Christum
1623 1508 1736 1545 an·-

160 1577 407 1632 nuntiant
432 1600 537 1633 non
559 1580 761 1635 sincere
779 1623 792 1647 ‚
822 1579 1176 1636 existimantes
1198 1598 1499 1649 pressuram
1529 1598 1588 1635 se
1611 1597 1738 1634 sus—

161 1666 317 1722 citare
344 1666 564 1722 vinculis
595 1667 736 1722 meis.

182 1762 309 1811 ι8.
337 1758 479 1824 Quid
504 1761 673 1811 enim
702 1759 838 1811 Dum
861 1756 1008 1811 omni
1032 1756 1213 1822 modo,
1242 1756 1351 1812 sive
1378 1775 1471 1825 per
1489 1755 1731 1812 occasio·

159 1864 311 1910 nem,
341 1843 446 1899 sive
476 1867 568 1913 per
593 1843 862 1900 veritatem
881 1889 894 1912 ‚
926 1844 1165 1900 Christus
1191 1843 1567 1912 annuntietur,
1591 1842 1729 1933 etin

160 1928 260 1986 hoc
284 1932 515 2003 gaudeo
545 1936 637 1987 sed
661 1946 711 1987 et
734 1932 990 2003 gaudebo,

234 2091 313 2140 ³9·
344 2068 463 2124 Scio
489 2069 626 2123 enim
658 2068 782 2138 quia
806 2068 907 2124 hoc
936 2068 1066 2124 mihi
1095 2070 1368 2137 proveniet
1384 2068 1731 2134 adsalutem,

160 2177 259 2224 per
281 2168 505 2211 vestram
541 2159 836 2212 orationem
865 2201 877 2223 ‚
909 2169 960 2211 et
988 2155 1525 2212 subministrationem
1549 2155 1733 2226 Spiri-

159 2243 242 2297 tfis
272 2245 400 2298 Jesu
430 2243 651 2299 Christi.

227 2375 308 2404 20.
329 2350 624 2404 Secundum
658 2347 1079 2415 expectationem
1107 2357 1159 2400 et
1183 2365 1335 2414 spem
1373 2364 1579 2412 meam,
1607 2343 1733 2416 quia

158 2440 213 2494 in
250 2440 396 2495 nullo
420 2440 720 2495 confundar
760 2464 770 2492 ε
805 2438 894 2493 sed
925 2438 977 2492 in
1003 2435 1151 2493 omni
1179 2435 1398 2502 fiducia,
1425 2434 1559 2492 sicut
1581 2456 1732 2492 sem-

157 2550 252 2599 per
270 2573 283 2595 ‚
311 2542 361 2583 et
387 2551 527 2583 nunc
555 2526 983 2599 magnificabitur
1005 2524 1245 2581 Christus
1268 2522 1326 2578 in
1345 2541 1570 2592 corpore
1583 2540 1730 2586 meo.

157 2619 264 2673 sive
293 2641 386 2687 per
405 2618 563 2672 vitam
586 2662 598 2678 ,
629 2617 737 2673 sive
765 2638 858 2685 per
890 2627 1138 2671 mortem.

223 2793 302 2824 21.
331 2769 467 2823 Mihi
487 2768 628 2822 enim
654 2766 830 2836 yivere
868 2765 1111 2823 Christus
1139 2775 1248 2833 est,
1271 2774 1324 2820 et
1346 2758 1735 2842 morilucrum.
