1806 3164
358 108 519 146 emsa·-
554 108 626 143 An
659 105 835 143 emes.
872 107 1094 144 remu-:x
1129 107 1415 144 nxmmw.
1612 88 1679 158 67

6 303 42 361 i

0 423 41 548 ‘gf

360 380 739 438 ANALYSIS
780 379 1093 436 CAPlTlS
1131 378 1422 436 TERTII.

111 524 373 616 OsTt-:NSA
395 569 444 614 in
465 567 689 630 superiori
721 569 871 629 capite
903 569 1046 629 gratia
1068 567 1287 635 Ephesiis
1304 600 1314 619 ‚
1333 567 1413 612 suti
1437 566 1494 611 ad
1518 566 1682 612 Chris-

113 641 218 677 tum
252 628 581 681 ronversioiie,
602 628 827 674 divinitus
845 631 1011 674 collat&
1029 663 1040 683 ‚

170 691 388 750 inhujus·
415 689 578 750 capitis
599 695 648 735 51.
678 705 694 732 1
712 723 723 741 ‚
750 689 912 734 Paulus
944 706 992 733 se
1012 726 1026 748 ‚
1064 699 1115 734 ut
1153 689 1275 734 hanc
1311 689 1376 734 eis
1399 697 1671 748 procuraret

105 752 332 811 gratiam,
355 750 519 795 catena
544 749 750 794 vinctum
778 766 876 794 esse
897 750 1011 795 dicit
1035 770 1045 794 ε
1069 750 1271 810 hincque
1303 753 1443 795 sumit
1463 748 1675 794 occasio-

107 809 320 856 neminis
342 810 611 871 exponendi
633 811 871 870 quomodo
890 810 1050 857 divine}
1070 811 1418 872 dispensatione
1446 811 1593 854 sactus
1613 808 1678 854 sit

122 870 350 916 Gentium
370 869 626 932 Apostolus
641 903 653 921 ‚
675 877 725 918 91.
751 887 795 914 2.

174 931 378 976 Primum
405 947 514 991 ergo
530 965 541 984 ‚
566 938 613 977 91.
635 932 685 984 3,
711 932 905 993 exponit
925 932 990 976 eis
1014 930 1139 991 quod
1157 930 1242 974 sibi
1267 948 1348 991 per
1367 930 1574 977 divinam
1599 946 1675 976 re-

107 990 389 1039 velationem
408 991 611 1036 innotuit
633 993 900 1051 mysterium
919 992 977 1037 dc
995 1007 1088 1053 quo
1102 992 1191 1051 jam
1209 1007 1352 1051 pauca
1366 1025 1378 1044 ,
1396 991 1671 1052 mysterium

108 1050 336 1096 hactenus
356 1051 673 1111 incognitum,
698 1059 747 1099 ὴ.
775 1055 825 1105 5,
849 1053 1022 1098 scilicet
1046 1051 1306 1098 vocationis
1329 1052 1552 1097 Gentium
1573 1085 1584 1104 ‚
1615 1061 1668 1097 ut

109 1111 207 1155 sint
229 1127 332 1156 cum
354 1111 529 1157 Judaeis
560 1132 582 1153 «
609 1112 901 1167 cohaeredes,
928 1111 1285 1174 concorporales
1308 1123 1352 1157 et
1374 1112 1676 1173 compartici-

109 1187 215 1232 pes.
243 1181 327 1216 etc.
346 1204 359 1224 ,
383 1179 431 1219 ὴ.
457 1177 540 1217 6.»

174 1231 353 1277 Deinde
372 1265 385 1285 ,
410 1239 459 1280 it.
485 1247 508 1291 7
530 1267 543 1287 ,
565 1232 761 1295 exponit
781 1233 908 1292 quod
933 1234 1071 1294 hujus
1090 1232 1298 1293 mysterii
1327 1233 1477 1281 factus
1498 1233 1558 1280 sit
1577 1231 1676 1278 mi-

106 1291 256 1337 nister
271 1302 318 1336 et
340 1308 490 1352 praeco
511 1326 524 1347 ,
551 1311 647 1340 non
671 1297 767 1339 suis
793 1294 967 1339 meritis
984 1328 996 1345 ‚
1020 1294 1102 1339 sed
1121 1295 1246 1339 mera
1264 1293 1522 1356 Deigratiaffi.

172 1359 223 1400 ir.
247 1352 291 1396 8.
320 1352 460 1403 Mihi,
483 1354 662 1414 inquit,
687 1354 896 1398 omnium
927 1355 1120 1399 minimo
1136 1388 1148 1405 ‚
1167 1354 1272 1398 data
1291 1364 1359 1398 est
1376 1355 1518 1415 gratia
1541 1355 1672 1401 Gen·

109 1410 234 1456 tibus
256 1413 570 1458 annuntiandi
601 1413 1098 1475 incomprehensibiles
1109 1414 1279 1458 Christi
1295 1414 1498 1469 divitias,
1512 1426 1558 1461 et
1574 1432 1673 1462 om·

110 1471 257 1534 nibus!
287 1473 556 1532 exponendi
597 1484 937 1519 sacramentum
981 1475 1038 1519 ab
1062 1484 1234 1521 aeterno
1269 1475 1594 1522 absconditum
1617 1477 1670 1523 in

31 1558 34 1561 -
110 1531 209 1576 Deo
229 1565 242 1585 .
266 1539 314 1580 ir.
334 1547 386 1590 9,
412 1543 458 1579 et
478 1534 589 1596 ipsis
603 1535 741 1580 etiam
765 1534 992 1595 primariis
1014 1535 1189 1596 angelis
1210 1552 1307 1580 non
1332 1535 1450 1582 bene
1468 1547 1635 1582 notum
1652 1571 1670 1592 ,

108 1597 163 1639 ἡ.
187 1608 256 1636 ιο.
269 1593 498 1640 Nimirum
514 1627 526 1646 ,
544 1595 669 1654 quod
686 1612 768 1655 per
783 1595 941 1639 Jesum
952 1595 1187 1640 Christum
1204 1630 1215 1648 ‚
1233 1595 1536 1643 mediatorem
1552 1613 1668 1643 nos·

105 1661 232 1696 trum
250 1687 264 1706 ,
293 1668 379 1698 nos
407 1670 571 1699 omnes
603 1655 754 1700 Judaei
777 1665 823 1699 et
849 1656 1061 1701 Gentiles
1093 1656 1309 1713 fiduciam
1332 1657 1682 1706 haberemusad

110 1711 283 1767 Deum,
317 1714 447 1776 quasi
472 1714 552 1760 filii
585 1716 643 1760 ad
672 1724 847 1777 patrem
866 1749 878 1769 ‚
910 1716 1191 1770 accedendi,
1212 1723 1263 1764 ἡ.
1289 1733 1358 1762 12.

169 1769 227 1826 §ff-
271 1775 338 1818 13.
363 1775 555 1837 Propter
586 1776 733 1836 quod,
768 1786 815 1821 et
855 1777 961 1837 quia
982 1776 1081 1822 haec
1105 1787 1173 1823 est
1196 1786 1345 1823 vestra
1366 1778 1598 1839 dignitas,
1621 1787 1672 1825 et

30 1853 31 1857 ¹
103 1831 215 1936 Ἒὶι
236 1833 326 1880 hoc
346 1845 416 1881 est
437 1835 748 1882 ministerium
776 1852 930 1881 meum
951 1870 965 1890 ‚
987 1853 1100 1898 rogo
1129 1853 1211 1884 vos
1233 1854 1292 1882 ne
1315 1838 1487 1884 cadatis
1508 1839 1669 1885 animo

102 1908 138 1936 υ
191 1895 468 1940 afflictiones
484 1905 529 1940 et
548 1896 731 1942 vincula
746 1913 847 1958 quae
869 1898 1010 1944 vestri
1030 1899 1166 1944 caus&
1185 1898 1360 1959 patior,
1379 1908 1425 1943 et
1438 1915 1540 1960 quae
1556 1909 1672 1947 sunt

108 1967 215 1996 mea
238 1964 286 1998 et
308 1965 456 2000 vestra
479 1954 640 2015 gloria.

171 2013 292 2069 Quia
313 2023 464 2059 autem
489 2015 670 2061 infirma
690 2026 760 2062 est
784 2017 936 2062 omnis
955 2018 1159 2069 humana
1192 2018 1412 2064 voluutas
1431 2053 1444 2073 ,
1466 2020 1673 2075 Paulus,

110 2076 161 2118 ὲ.
179 2074 247 2142 ,¹4
262 2108 274 2126 ,
295 2076 565 2136 genuflexus
591 2087 637 2121 et
655 2077 857 2140 supplex
883 2079 1029 2124 Deum
1060 2088 1159 2124 orat
1177 2113 1191 2135 ,
1219 2089 1270 2124 ut
1286 2079 1514 2140 Ephesios
1535 2087 1668 2128 intus

103 2132 285 2195 Spiritu
309 2145 469 2181 sancto
489 2137 780 2191 corroboret,
802 2144 852 2186 51.
881 2139 950 2184 16.
970 2159 981 2192 ς
998 2139 1047 2183 in
1070 2155 1234 2186 eorum
1256 2139 1472 2187 cordibus
1489 2142 1539 2187 in
1557 2143 1672 2187 cha-

105 2193 246 2238 ritate
268 2194 480 2241 radicatis
497 2202 519 2250 ,’
537 2197 748 2243 Christus
770 2198 1021 2253 inhabitet,
1047 2206 1096 2248 5!-
1137 2215 1206 2258 ¹7·

167 2252 287 2299 Orat
308 2262 355 2302 it.
390 2258 442 2302 18
457 2291 470 2310 ,
491 2267 541 2302 ut
556 2257 728 2304 divinae
756 2259 990 2305 charitatis
1015 2259 1332 2307 dimensiones
1353 2260 1644 2322 intelligant,

104 2321 156 2356 et
185 2330 270 2373 pro
300 2316 463 2361 merito
496 2317 724 2364 aestiment
751 2320 1274 2381 incomprehensibilem
1294 2322 1341 2366 in
1373 2338 1460 2367 nos
1480 2322 1659 2368 Christi

107 2370 405 2441 charitatem,
432 2383 480 2424 91.
506 2391 572 2435 19.
590 2411 603 2431 ,
621 2378 785 2440 idque,
806 2390 857 2425 ut
877 2381 974 2426 Deo
990 2382 1129 2453 plene
1155 2381 1437 2444 repleantur.
1539 2391 1542 2393 ’

172 2431 258 2501 Cui
290 2435 384 2480 Deo
423 2445 591 2482 aeterna
612 2439 668 2483 sit
695 2440 839 2500 gloria
879 2441 929 2486 in
966 2441 1201 2496 Ecclesia,
1224 2443 1364 2490 tantis
1395 2442 1453 2489 ab
1488 2458 1544 2489 eo
1581 2458 1671 2505 per

105 2489 344 2539 Christum
366 2494 531 2542 affecta
548 2499 790 2547 beneficiis
811 2532 825 2555 ‚
839 2507 890 2550 ir.
913 2517 972 2547 20
989 2535 1002 2556 ,
1026 2518 1103 2551 21.
