1800 3158
145 80 147 83 ·
171 60 272 115 218
563 77 822 114 EPlSTOLAE
859 76 931 112 An
970 78 1339 118 anmppssuses

243 170 322 203 10.
340 145 420 200 Ut
445 144 502 200 in
522 144 738 202 nomine
759 144 890 202 Jesu
914 145 1074 203 omne
1100 169 1239 220 genu
1258 149 1503 206 flectatur
1517 193 1534 221 ‚
1562 151 1741 213 coeles-

118 223 123 228 ⁷
171 233 308 290 tium
328 277 342 302 ,
362 231 697 289 terrestrium
719 244 770 288 et
790 231 1128 290 infernorum
1146 259 1161 300 ;

245 347 324 378 11.
359 324 424 377 Et
447 320 621 378 omnis
658 321 841 393 lingua
866 324 1187 378 confiteatur*
1205 322 1328 394 quia
1347 326 1622 387 Dominus
1641 330 1740 386 Je-

169 432 259 469 sus
282 410 517 468 Christus
536 409 591 465 in
621 409 788 482 gloria
809 422 887 467 est
908 411 1015 467 Dei
1036 410 1234 469 Patris.
1383 407 1386 411 ’

243 580 322 611 12.
346 555 561 623 ltaque,
591 553 885 611 charissimi
913 554 1017 611 mei
1069 555 1246 622 (sicut
1282 576 1494 627 semper
1515 558 1737 616 obedis-

166 641 410 709 tis),non
430 653 488 695 ut
511 640 568 694 in
588 640 866 710 praesentia
885 643 1007 696 mea
1031 648 1255 710 tantum,
1274 642 1367 698 sed
1389 643 1558 701 multo
1570 644 1738 716 magis

167 750 312 786 nunc
335 728 392 783 in
411 729 649 784 absentia
682 731 800 784 mea
817 770 832 798 ,
859 751 991 788 cum,
1006 742 1152 786 metu
1178 741 1230 787 et
1252 742 1483 788 tremore
1506 744 1736 790 vestram

166 818 394 875 salutem
423 816 740 888 operamini.
784 855 786 857 v

239 951 318 1002 13.
340 947 491 1003 Deus
530 958 607 1002 est
648 945 792 1001 enim
820 945 909 1016 qui
930 958 1179 1016 operatur
1202 945 1259 1000 in
1280 943 1432 1006 vobis
1456 957 1508 1002 et
1527 947 1661 1005 velle
1685 963 1736 1006 et

159 1036 424 1106 penficere
453 1055 550 1104 pro
575 1028 715 1090 bona
735 1039 1016 1091 voluntale.

237 1131 316 1192 14.
344 1122 550 1179 Omnia
591 1135 769 1178 autem
795 1122 949 1178 facite
987 1122 1100 1180 sine
1140 1122 1653 1180 murmurationibus
1680 1133 1734 1178 et

167 1210 596 1270 haesitationibus
613 1236 624 1264 :

237 1365 317 1416 15.
353 1360 431 1416 Ut
455 1357 566 1416 sitis
610 1358 722 1414 sine
752 1355 967 1427 querela
993 1370 1044 1413 et
1081 1355 1383 1425 simplices,
1422 1356 1547 1413 Filii
1585 1355 1728 1427 Dei,

163 1447 277 1504 sine
315 1445 730 1518 reprehensione
752 1488 766 1512 ‚
806 1445 864 1499 in
887 1442 1062 1500 medio
1085 1443 1314 1500 nationis
1340 1464 1512 1515 pravae
1535 1456 1586 1500 et
1611 1465 1734 1514 per-

163 1557 354 1593 versae:
376 1535 512 1591 inter
534 1556 666 1604 quos
689 1532 872 1589 lucetis
898 1541 1030 1589 sicut
1050 1532 1338 1588 luminaria
1365 1533 1423 1588 in
1445 1532 1669 1591 mundo,

237 1680 315 1732 16.
351 1674 586 1730 Verbum
622 1671 739 1728 vitae
777 1671 1108 1727 continentes
1134 1673 1201 1726 ad
1225 1671 1451 1742 gloriam
1473 1692 1651 1728 meam
1671 1671 1731 1728 in

165 1766 249 1824 die
274 1762 504 1831 Christi,
547 1761 671 1831 quia
707 1780 816 1816 non
853 1767 905 1814 in
944 1780 1169 1816 vacuum
1192 1759 1432 1829 cucurri,
1459 1781 1631 1830 neque
1671 1761 1730 1816 in

165 1874 394 1911 vacuum
418 1848 671 1906 laboravi.

112 2043 114 2045 ,
240 2008 319 2053 17.
362 1979 469 2037 Sed
507 1990 558 2034 et
592 1977 636 2033 si
667 1975 920 2031 immolor
946 1994 1108 2044 supra
1135 1965 1455 2030 sacrificium
1491 1986 1543 2030 et
1578 1974 1732 2033 obse-

168 2069 354 2141 quium
382 2066 507 2122 fidei
531 2076 739 2132 vestrae,
777 2062 980 2134 gaudeo
1020 2074 1072 2117 et
1108 2061 1449 2133 congratulor
1484 2061 1732 2118 omnibus

169 2158 344 2216 vobis.

240 2250 318 2302 18.
361 2242 603 2312 ldipsum
649 2251 822 2295 autem
863 2249 914 2293 et
939 2257 1032 2293 vos
1071 2237 1291 2310 gaudete
1320 2248 1372 2292 et
1395 2237 1739 2310 congratula-

169 2334 305 2393 mini
338 2332 491 2388 mihi.
582 2396 585 2398 μ

241 2447 321 2497 19.
342 2423 513 2491 Spero
535 2429 713 2473 autem
730 2416 786 2470 in
814 2413 1055 2470 Domino
1081 2415 1230 2479 Jesu‚
1268 2412 1622 2470 Timotheum
1646 2432 1733 2467 me

170 2511 274 2568 cito
301 2508 506 2565 mittere
534 2505 600 2560 ad
626 2526 748 2572 vos,
777 2514 905 2559 utet
941 2523 1036 2573 ego
1061 2500 1203 2558 bono
1245 2500 1423 2557 animo
1445 2500 1574 2568 sim,
1604 2521 1734 2571 cug-

169 2599 297 2657 nitis
323 2620 439 2668 quae
460 2597 602 2652 circa
627 2614 721 2649 vos
744 2603 883 2648 sunt.

240 2749 323 2780 20.
340 2721 622 2779 Neminem
648 2718 791 2774 enim
818 2717 987 2773 habeo
1013 2729 1119 2772 tam
1143 2709 1480 2785 unanimem,
1505 2713 1597 2784 qui
1620 2713 1738 2771 sin-

171 2815 291 2872 cer-'1
315 2810 595 2868 affectione
625 2828 722 2878 pro
747 2805 898 2864 vobis
920 2804 1178 2863 sollicitus
1197 2803 1278 2862 sit.
