1800 3158
110 110 211 163 276
520 125 778 168 EPISTOLAE
813 134 884 169 Au
918 130 1280 171 Pmupptnsts

108 201 253 265 speris
277 198 411 261 hujus
434 202 582 251 saeculi
605 204 723 265 ‚sed
745 208 859 256 sicut
882 206 960 256 filii
984 202 1073 255 Dei
1091 214 1137 255 et
1167 205 1371 274 discipuli
1398 204 1647 274 Christh‘
1612 233 1676 264 m

110 278 339 326 Domino.
391 310 400 318 -

178 348 258 404 Ob
293 362 493 406 vestram
518 358 575 408 ad
609 356 763 411 Deum
786 364 1109 422 vocationem,
1142 361 1204 410 ob
1245 363 1470 415 beneficia
1489 363 1626 419 vobis
1649 365 1677 419 ὲ

108 428 295 483 Christo
325 433 480 484 collata
506 444 551 485 et
577 438 887 500 conserenda,
918 442 978 489 ob
1007 442 1193 504 gratiam
1225 447 1270 489 et
1295 437 1384 491 Dei
1407 442 1675 496 filiationem

105 510 279 559 vobis'
267 529 313 559 111
339 508 580 576 Baptismo
606 514 840 578 cottatam,
871 518 931 566 ob
956 515 1145 581 gloriam
1169 516 1304 564 vobis
1339 521 1607 582 promissam
1629 529 1678 571 et

106 587 277 647 vobis,
307 588 367 635 ob
393 591 626 652 passiones
652 600 851 655 vestras,
871 609 954 657 pro
977 588 1161 642 Christo
1192 591 1400 642 toleratas
1417 631 1431 655 ‚
1453 593 1676 648 debitam.

175 663 215 711 Ι
214 676 358 714 lerum
388 668 521 728 dcco,
549 671 758 731 gaudete.

173 739 264 792 Ista
287 746 533 807 geminatio
557 747 754 796 ostendit
778 749 839 808 ei,
866 749 941 811 qui
963 749 1010 797 in
1032 744 1138 797 Deo
1161 754 1247 807 est,
1266 763 1446 821 semper
1461 749 1675 814 gauden-

105 818 215 870 dum
241 838 367 881 esse,
401 825 575 872 etiamsi
598 833 828 890 prematur
854 843 906 874 ac
934 825 1113 890 quidvis
1136 827 1343 890 patiatur.

174 895 337 947 Passio
364 917 525 950 semen
552 911 620 952 est
647 903 836 968 gloriae:
866 902 974 953 hinc
998 904 1160 954 mediis
1183 905 1321 953 etiam
1346 906 1393 953 in
1414 904 1674 956 tribulatio·
1752 952 1769 955 -

103 978 240 1026 nibus
259 977 454 1042 gaudete
478 999 489 1028 ε
511 981 574 1028 M
573 991 898 1031 omentaneum
918 983 1041 1031 enim
1060 992 1103 1030 et
1119 983 1209 1031 Ieoc
1227 983 1545 1033 tribulationis
1555 1001 1675 1035 nos-

102 1065 256 1106 πω...

173 1129 336 1182 Passio
367 1137 720 1185 communicatio
749 1146 818 1188 est
842 1142 1106 1204 passionum
1135 1135 1333 1189 Christi:
1361 1139 1519 1203 itaque
1542 1155 1675 1188 com-

103 1213 400 1259 municantes
433 1211 608 1261 Christi
629 1216 942 1275 passionibus,
976 1217 1172 1279 gaudela
1187 1234 1206 1275 ,·
1235 1217 1338 1280 quia
1361 1216 1405 1263 si
1434 1212 1674 1280 compati-

102 1306 237 1348 mur,
265 1297 311 1337 et
329 1306 414 1336 con
432 1289 824 1354 glorificabimur.

169 1373 391 1440 Spoliatio
414 1378 642 1428 bonorum
666 1378 981 1445 temporalium
1002 1377 1317 1444 praejudicium
1341 1384 1410 1427 est
1430 1379 1675 1442 possessio·
1695 1440 1699 1442 μ

99 1456 173 1506 nis
195 1464 474 1507 aeternorum
498 1479 508 1516 ;
536 1458 713 1524 spoliati
736 1475 846 1522 ergo
866 1458 1000 1508 bonis
1023 1459 1185 1507 vestris
1206 1458 1268 1507 ob
1289 1454 1521 1507 Christum
1536 1473 1674 1522 ‚gau-

102 1532 209 1584 dete
237 1536 316 1585 :in
350 1538 600 1584 aeternitate
626 1533 716 1584 Dei
738 1537 860 1584 bona
888 1534 1200 1599 possidebitis.

166 1611 220 1668 Ῠ.
257 1615 512 1674 Modestia,
540 1615 587 1663 id
611 1623 696 1678 est,
723 1615 975 1663 moderatio
1014 1617 1168 1665 suavis
1202 1631 1384 1663 morum
1405 1621 1674 1664 vestrorum

102 1694 398 1758 compositio,
425 1700 536 1741 nota
557 1694 667 1743 sit...
689 1700 736 1742 ut
760 1691 981 1756 exemplo
1010 1699 1167 1742 vestro
1203 1691 1378 1740 discant
1399 1707 1532 1755 agere
1567 1706 1672 1741 mo·

100 1781 249 1832 deste.

167 1871 404 1921 Dominus
424 1870 566 1936 prope}
584 1878 679 1930 est,
707 1868 753 1918 id
777 1876 843 1918 est
859 1903 873 1931 ‚
908 1867 1003 1932 jam
1031 1869 1241 1918 imminet
1266 1867 1502 1931 judicium.

169 1947 280 2000 Jam
303 1953 440 2000 instat
461 1958 640 2015 tempus
662 1947 882 1998 factorum
902 1949 1126 1997 rationem
1141 1946 1384 2006 reddendi,
1412 1953 1457 1995 et
1484 1959 1673 1996 merce-

106 2036 215 2088 dem
238 2037 366 2087 sactis
387 2039 775 2102 proportionatam
797 2035 1063 2101 recipiendi.

171 2124 527 2193 Appropinquat
549 2123 755 2176 Salvator
775 2141 913 2192 quem
944 2124 1003 2174 de
1039 2123 1165 2174 coelis
1202 2131 1520 2188 expectamus,
1550 2122 1666 2187 qui-.-

105 2224 192 2271 que
212 2204 513 2272 reformabit,
546 2213 634 2253 etc.

543 2375 876 2412 OBSERVATto
913 2374 1159 2412 MORAUS.

167 2528 300 2582 Nihil
317 2533 382 2580 sic
397 2532 523 2594 juvat
539 2530 596 2580 ad
617 2545 796 2579 morum
817 2531 1203 2595 compositionem
1223 2535 1269 2578 et
1290 2526 1347 2577 ad
1365 2542 1527 2576 omnes
1546 2539 1670 2590 pror·

96 2627 173 2661 sus
192 2612 411 2674 virtutes,
441 2626 493 2659 ac
517 2609 728 2672 cogitatio
751 2609 1033 2657 imminentis
1055 2606 1208 2670 judicii
1230 2603 1338 2656 Dei.

163 2684 291 2736 Hinc
314 2683 523 2736 Christus
545 2684 634 2735 adv
638 2682 770 2734 entus
792 2686 860 2733 sui
892 2692 1076 2748 tempus
1097 2681 1370 2733 occultavit·
1393 2677 1503 2728 hinc
1524 2670 1670 2743 Apo-

94 2762 199 2814 stoli
224 2760 347 2811 hunc
381 2761 506 2811 diem
532 2778 716 2826 semper
759 2768 807 2811 ut
833 2763 1094 2826 proximum
1125 2760 1262 2809 nobis
1288 2757 1582 2815 annuntiant,
1617 2760 1669 2804 ut

93 2839 217 2890 illum
239 2856 331 2906 prae
356 2838 495 2889 ocutis
518 2838 769 2890 habeamus
793 2854 975 2902 semper
994 2876 1008 2902 ,
1056 2845 1100 2887 et
1128 2837 1184 2887 ad
1213 2852 1320 2887 eum
1343 2850 1430 2884 nos
1451 2832 1668 2883 continue

97 2934 418 2983 praeparemus.
