1800 3158
170 109 274 174 468
408 108 589 184 'mum
622 128 879 165 emsa-orm
915 128 987 165 an
1022 98 1520 177 'russssscomctnszs

649 231 978 296 onsEnvATro
1025 259 1270 296 monacis.

245 364 388 430 Quod
416 363 668 435 Apostolus
689 370 747 421 de
771 371 924 434 judicii
946 372 1168 437 generalis
1190 374 1264 424 die
1287 374 1366 425 htc
1393 377 1536 442 dicit,
1566 377 1676 429 iilud
1697 369 1746 429 et

173 446 376 512 intellige
433 448 493 498 de
538 452 696 499 mortis
736 457 938 512 nostrae,
993 456 1227 518 nostrique
1265 455 1419 534 judicii
1469 457 1744 521 particularis

175 525 286 575 die·
318 528 431 575 sicut
452 525 553 588 fur
592 529 721 576 venit
741 529 1015 592 inopinatus

246 602 386 655 Heu!
431 614 539 672 quot
564 609 811 667 novimus,
848 624 960 672 quos
997 607 1308 669 dormientes,
1339 612 1454 661 sicut
1486 609 1741 677 Miphibo-

135 718 143 722 ν
174 682 307 743 seth,
340 686 675 750 praeoccupavit
696 685 846 734 mors!
874 693 1013 750 quot,
1033 688 1147 736 sicut.
1167 685 1502 754 Baithasarem‚
1527 692 1742 741 hibentes

177 755 223 811 et
249 760 532 825 gaudentes!

249 840 455 902 Vigilate
479 841 652 904 ltaque,
668 842 738 889 ait
766 836 1010 890 Christus
997 858 1045 890 1n
1081 837 1354 904 Evangelio.
1383 843 1561 892 Iterum
1594 844 1740 899 dico·
1726 877 1735 885 -

178 916 402 980 Vigilate,-
423 920 638 967 omnibus
654 919 757 967 dico
775 935 788 960 .-
807 915 1035 982 Vigilate,
1055 936 1114 968 ne
1135 919 1306 968 scilicet
1327 920 1412 970 tale
1436 919 1545 984 quid
1561 924 1745 972 eveniat

176 993 332 1047 nobis.
359 992 529 1044 Matth.
561 996 640 1056 ²4·
666 994 751 1054 42;
780 992 921 1044 Lucae
949 994 1028 1044 13.
1054 994 1117 1044 35
1141 1033 1154 1057 ,
1176 993 1260 1059 37.

248 1069 417 1120 Mirare
439 1071 516 1121 hic
550 1071 830 1122 ineffabilem
866 1070 960 1122 Dei
997 1073 1354 1122 misericordiam
1375 1077 1552 1141 ‚toties
1583 1082 1743 1140 totque

176 1149 328 1218 modis
344 1152 510 1215 impios
526 1150 738 1200 homiues
757 1150 817 1199 de
829 1167 910 1199 suo
921 1150 1120 1200 adventu
1131 1152 1365 1215 inopinato
1380 1153 1739 1202 commonentis.

177 1223 299 1277 Sane
333 1231 578 1294 imparatos
622 1229 834 1277 invenire
870 1244 969 1276 non
1010 1226 1132 1289 vult,
1165 1243 1279 1292 quos
1310 1230 1444 1278 toties
1482 1231 1645 1279 invitat
1686 1227 1747 1278 ad

179 1310 581 1372 praeparationem.
1491 1351 1493 1353 ,

253 1381 300 1432 Ο
329 1382 457 1435 Deus
477 1385 628 1435 bone!
671 1382 800 1434 Deus
842 1385 1134 1433 misericors!
1170 1386 1309 1433 etiam
1330 1387 1435 1434 cum
1468 1387 1541 1436 vis
1571 1385 1740 1444 irasci,

182 1465 511 1515 misericordioe
531 1467 806 1515 recordaris.
824 1462 1008 1514 Dedisti
1024 1467 1332 1514 metuentibus
1359 1475 1404 1514 te
1432 1465 1746 1530 sigmficata‘o·

185 1561 320 1602 nem,
348 1543 611 1607 utfugiant
639 1542 815 1607 &facie
842 1541 996 1592 arctis.
1020 1539 1140 1592 Psal.
1171 1543 1253 1610 59.
1277 1542 1326 1593 6.
1392 1611 1399 1614 .

249 1619 404 1685 Quam
422 1627 748 1689 meritOitaque
763 1622 946 1689 singulis
963 1624 1247 1687 improperas
1267 1621 1600 1688 pereuntibus.
1585 1639 1597 1650 ·
1622 1619 1749 1670 Per*-

180 1700 297 1749 ditio
323 1710 406 1754 tua
434 1721 496 1751 ex
523 1713 582 1751 te.

249 1775 324 1829 Da
359 1779 498 1843 mihi,
525 1780 552 1829 ὂ
576 1777 704 1828 Deus
741 1778 970 1827 clemens!
1013 1774 1100 1828 hac
1124 1774 1198 1827 tua
1221 1779 1286 1826 sic
1319 1779 1383 1827 uti
1407 1771 1742 1834 misericordia,

180 1863 231 1908 nt
253 1858 364 1910 fidei
384 1858 612 1923 vigilantia
646 1860 923 1923 praeveniam
948 1859 1107 1904 mortis
1131 1855 1578 1921 praeoccupationem
1599 1889 1612 1915 ,
1631 1867 1747 1917 poe-

180 1938 479 2002 ntientiaeque
513 1937 742 1987 doloribus
779 1934 991 1999 effugiam
1015 1934 1318 1982 damnationis
1341 1940 1526 1983 aeternae
1551 1929 1751 1981 dotores.
1780 1952 1788 1966 ⁸

253 2012 348 2065 Sed
371 2020 487 2066 circa
507 2017 699 2067 litteram
719 2016 856 2078 objici
872 2021 1050 2078 potest:
1078 2010 1260 2062 Nonne
1277 2009 1400 2061 Elias
1422 2019 1468 2062 et
1479 2008 1748 2061 Antichris-

115 2081 117 2083 ¹
182 2100 255 2142 tus
279 2097 541 2156 praecessuri
556 2102 659 2143 sunt
672 2129 687 2153 ‚
718 2099 941 2157 eruntque
961 2092 1139 2155 signum
1161 2087 1388 2138 adventus
1409 2084 1615 2137 Christi?

253 2166 402 2219 Erunt
420 2170 693 2236 ,respondet
730 2166 1140 2233 Theophylactus‚
1179 2173 1313 2215 erunt
1347 2162 1532 2230 quidem
1569 2158 1750 2224 signum

186 2253 588 2300 consummationis
613 2248 789 2309 saeculi,
820 2244 988 2296 Christi
1019 2244 1243 2294 adventus
1267 2259 1363 2292 non
1390 2243 1499 2290 item
1525 2256 1537 2286 ε
1563 2238 1748 2287 subita-

184 2343 300 2376 neus
323 2330 407 2377 erit
431 2331 554 2377 enim
583 2336 628 2378 et
649 2331 864 2385 incertus.

256 2406 350 2457 Sed
364 2412 580 2476 ‚inquies
599 2411 795 2465 iterum,
823 2412 958 2453 erunt
977 2404 1110 2464 signa
1135 2403 1183 2449 in
1207 2402 1353 2450 sole...

255 2481 451 2548 Fateor,
491 2495 535 2536 et
555 2486 657 2536 haec
694 2487 822 2548 signa
851 2480 1109 2545 praecedent
1135 2479 1385 2528 adventum
1415 2474 1626 2534 Domini,
1671 2470 1755 2520 sed

188 2583 283 2615 non
306 2566 428 2616 diem
451 2568 539 2617 adr
545 2566 675 2617 entus
700 2564 927 2615 Domini.
964 2564 1133 2628 quippe
1176 2568 1355 2625 tempus
1377 2561 1610 2621 signorum
1644 2552 1754 2602 illo-

188 2662 290 2695 rum
318 2650 402 2696 erit
438 2649 536 2712 ipse
573 2647 671 2696 dies
700 2643 890 2695 Domini
926 2660 937 2689 :
977 2658 1064 2689 nec
1093 2638 1167 2688 diu
1190 2638 1371 2688 durabit
1404 2644 1585 2700 tempus
1626 2629 1752 2698 illud.

192 2717 316 2772 Vide
337 2719 532 2774 Estium.

259 2793 332 2858 §ff-
357 2797 407 2857 4.
435 2793 533 2845 Vos
572 2805 748 2854 autem,
771 2791 941 2851 fratres
945 2827 1029 2840 .....
1068 2796 1227 2853 utpote
1259 2785 1350 2835 fide
1378 2783 1639 2841 illuminati,
1666 2797 1760 2829 non

191 2875 300 2923 estis
320 2876 368 2923 in
390 2878 616 2936 tenebris,
645 2875 840 2934 scilicet,
869 2869 1141 2921 infidelitatis
1176 2875 1222 2917 et
1247 2864 1540 2931 cupiditatum
1558 2898 1569 2917 ,
1599 2868 1650 2908 ut
1675 2875 1761 2910 vos

191 2956 287 3006 dies
303 2958 387 3008 illa
401 2995 418 3020 ,
449 2963 571 3008 sicut
594 2957 716 3026 sur,
742 2951 1117 3019 comprehendat.
