1800 3158
99 58 201 117 362
426 99 437 110 .
503 79 770 140 ansa-om
819 81 895 120 An
929 81 1276 128 comsssnses
1320 128 1326 133 f

114 199 487 210 ,-,,,,,-,,,--,,
530 197 559 208 ...
633 200 638 208 ,
665 199 680 208 ,,
737 200 741 207 ,
767 199 792 208 ,,
1050 192 1051 195 =
1253 198 1255 203 .
1425 189 1446 203 >x
1535 194 1546 198 „
1568 195 1573 201 ,
1593 183 1614 221 ¹}

545 290 925 356 Commentarius
954 304 1005 357 in
1031 307 1150 372 Cap.
1175 307 1227 361 3.

102 484 175 550 Y.
201 436 475 538 1.IG1TUR
511 487 557 536 si
588 488 996 538 consurrexistzs...
1595 511 1604 517 κ

65 636 79 649 ·
138 562 338 632 Capite
384 564 628 625 secunde,
674 564 742 627 Ϋ.
784 585 865 616 12.
914 565 1030 616 dixit
1089 562 1362 632 Apostolus
1397 569 1524 634 quod
1578 573 1692 624 cum

107 642 294 696 Christo
329 663 413 711 per
445 642 735 711 Baptismum
772 642 937 711 sepulti
962 662 1148 711 sumus,
1172 656 1220 698 et.
1244 649 1369 736 quod
1393 666 1499 699 curn
1525 667 1583 702 eo
1604 659 1696 703 re?-

116 725 417 773 surreximus,

173 796 252 849 Ex
274 798 367 849 hoc
391 799 641 865 principie,
667 798 759 848 duo
785 802 1052 851 continente
1069 839 1082 862 ‚
1121 801 1294 852 scilicet
1320 810 1527 854 nostram
1548 822 1689 856 mor-

103 889 204 932 tem
229 887 274 929 et
298 878 682 928 resurrectionem
701 914 712 935 ,
741 876 976 944 duplicem
1001 878 1122 929 elicit
1150 880 1510 934 conclusionem.

175 953 402 1018 Ejusdem
431 955 588 1018 capitis
611 954 800 1003 secundi
849 951 916 1015 Y.
954 975 1035 1005 20.
1074 973 1136 1006 ex
1170 966 1320 1007 morte
1346 957 1567 1007 conclusit
1593 977 1606 1006 :
1629 960 1697 1011 Sc*

104 1051 210 1097 ergo
230 1034 405 1080 mortui
421 1032 656 1093 estiscum
684 1027 899 1093 Christo,
923 1040 1012 1081 etc.
1035 1033 1150 1097 quid
1161 1033 1321 1083 adhuc
1345 1044 1574 1100 tanquam
1598 1038 1686 1088 vi-

112 1118 268 1158 ventes
288 1105 573 1155 decernitis?
596 1114 687 1154 etc.
1422 1097 1425 1099 ¹

181 1184 278 1237 Hic
298 1189 411 1234 verb
432 1201 491 1233 ex
513 1184 844 1232 resurrectione
873 1179 1030 1233 nostra
1048 1184 1264 1248 spirituali
1285 1185 1516 1236 concludit
1537 1189 1693 1252 :Igi-

110 1275 216 1326 tur,
241 1266 285 1312 si
306 1261 662 1312 consurrexistis
679 1297 694 1320 ,
722 1269 809 1309 etc.

181 1351 326 1417 Quasi
373 1352 546 1401 diceret:
591 1369 602 1398 z
651 1347 1045 1415 Quandoquidem
1097 1345 1523 1418 per-Baptismum
1580 1371 1686 1405 cum

111 1430 297 1484 Christo
317 1433 365 1480 in
392 1429 667 1496 spiritualem
702 1445 755 1478 ac
791 1429 996 1478 divinam
1042 1432 1292 1480 emersistis
1329 1433 1504 1493 vitam,
1544 1435 1688 1498 spiri-

110 1512 269 1573 tualia,
291 1510 491 1561 coelestia
513 1527 567 1558 ac
587 1509 741 1558 divina
765 1508 1087 1574 magnifacite,
1109 1510 1281 1575 diligite
1299 1527 1351 1560 ac
1373 1514 1579 1577 quaerite.

180 1589 370 1642 Sursum
397 1597 575 1638 mentes
599 1595 644 1638 et
666 1588 802 1636 corda
822 1597 989 1638 vestra.

111 1690 119 1700 ·
194 1669 289 1719 Πόι
336 1664 554 1715 Christus
575 1666 632 1715 ad
683 1682 856 1714 novam
898 1668 1038 1714 vitam
1085 1669 1372 1716 resuscitatus
1410 1669 1582 1720 assidet
1620 1671 1696 1718 od
1766 1707 1768 1709 -

109 1749 353 1798 dexteram
379 1746 513 1800 Dei‚·
538 1742 585 1792 id
613 1750 700 1810 est,
726 1742 892 1792 assidet
920 1740 1057 1804 Deo,
1078 1745 1314 1804 majestate
1340 1748 1593 1808 proximus.

181 1820 415 1881 Christus,
442 1828 492 1870 ut
513 1818 638 1869 Deus
656 1858 669 1880 ‚
695 1816 822 1869 Patri
851 1836 930 1884 par
951 1827 1018 1869 est
1041 1822 1276 1882 majestate
1298 1838 1310 1878 ;
1336 1829 1386 1870 ut
1409 1821 1585 1885 homo,
1617 1831 1689 1874 est

110 1899 239 1953 Patri
258 1900 493 1961 majestate
514 1898 765 1963 proximus.

183 1975 295 2027 Hoc
316 1984 468 2025 autem
493 1971 719 2038 Scriptura
736 2009 749 2031 ,
770 1970 974 2021 humano
992 1989 1122 2022 more
1144 1971 1336 2038 loquens
1353 2009 1366 2030 ,
1404 1981 1451 2023 et
1487 1974 1546 2023 ad
1577 1991 1690 2024 nos·

114 2067 210 2109 tros
234 2063 483 2122 conceptus
505 2052 794 2104 descendens
811 2088 825 2114 ‚
863 2055 1078 2118 exprimit.
1098 2069 1180 2119 per
1202 2055 1458 2103 sessionem
1479 2053 1539 2104 ad
1563 2054 1694 2104 dex-
1751 2042 1759 2087 ‘f
1799 2061 1800 2068 ’

118 2144 264 2187 teram
291 2131 400 2183 Dei.

188 2209 255 2262 Ut
274 2208 403 2261 Deus
426 2217 493 2259 est
517 2208 577 2257 illi
601 2210 646 2256 in
668 2207 884 2256 omnibus
910 2206 1123 2270 oequalis;
1152 2213 1201 2254 ut
1223 2204 1394 2265 homo,
1428 2206 1600 2257 assidet
1630 2207 1692 2257 illi

113 2293 326 2360 proxime
345 2295 392 2337 et
413 2285 784 2347 honoratissime,
809 2287 856 2332 in
882 2285 1130 2349 potissimis
1151 2284 1288 2332 bonis
1322 2281 1512 2335 honoris
1528 2321 1542 2346 ‚
1576 2300 1685 2349 gra-

123 2371 198 2419 tiae
220 2374 263 2416 et
278 2365 444 2431 gloriae.

190 2442 262 2509 ss.
305 2463 351 2493 2.
396 2442 524 2507 Qum
553 2458 734 2489 sursum
773 2447 881 2486 sunt
917 2439 1104 2503 sopile;
1136 2437 1183 2488 id
1223 2447 1326 2501 est,
1371 2436 1692 2506 magnifacite,

121 2529 273 2572 curate
290 2557 302 2581 ‚
329 2527 529 2585 gustate,
553 2516 750 2580 diligite3
775 2531 867 2563 non
886 2522 1080 2565 terrena.

195 2594 384 2650 Coelum
406 2605 578 2659 amate,
601 2612 697 2645 non
718 2603 902 2644 terram.

194 2669 254 2729 ἹῨ.
275 2677 323 2726 3.
353 2675 538 2724 Mortui
557 2675 681 2721 enim
708 2675 871 2720 estis...

190 2752 301 2805 Duo
327 2753 442 2803 dixit
464 2755 512 2802 in
532 2749 756 2801 versiculo
781 2748 1070 2815 praecedente
1088 2784 1102 2807 ,
1125 2745 1326 2809 scilicet,
1353 2745 1477 2811 quod
1499 2732 1707 2796 amanda·

124 2838 214 2887 sint
239 2832 436 2883 coelestia
456 2868 469 2893 ,
493 2838 539 2880 et
563 2825 939 2894 parvipendenda
967 2834 1164 2876 terrena.

195 2909 461 2965 Amborum
484 2911 708 2971 rationem
733 2907 810 2958 hic
832 2909 1061 2970 assignat,
1088 2906 1215 2971 quasi
1234 2903 1410 2954 diceret
1431 2921 1447 2951 ε
