1806 3164
0 0 143 134 r
194 0 198 1 ‘

136 211 572 279 ‘montanismiliter
593 211 903 275 impuritatem
922 212 1209 272 sectabantur
1227 234 1238 271 ;
1265 215 1359 263 imo
1376 211 1476 263 su'as
1500 209 1708 263 infandas

527 60 740 99 rmum
772 58 1056 99 Exeoslrro.
1086 48 1216 114 Cap.-
1258 49 1320 100 V.
1570 97 1574 100 .
1607 52 1711 113 2145

217 133 493 201 Philosophi
512 133 725 184 dicebant
746 132 860 183 nihil
885 151 986 184 esse
1005 135 1109 185 mali
1133 139 1181 186 in
1202 135 1598 195 fornicationibu33
1620 134 1710 189 ‘Si-

151 289 443 348 lihidinesffld
464 286 560 338 Dei
578 285 842 337 referebant¹
860 285 1084 337 honorem
1101 326 1113 350 ‚
1133 305 1300 353 easque
1319 290 1404 354 ipsi
1427 291 1550 354 quasi
1565 291 1714 339 sacri-

152 372 305 422 ficium
330 367 584 418 offerebant
610 385 621 415 :
648 365 757 416 hinc
774 401 791 428 .,
1054 410 1057 414 Δ

217 447 373 500 Nemo
389 484 406 508 ‚
419 448 506 497 -vel
526 444 823 513 phssosophris
841 482 855 506 ‚
881 443 955 495 vel
976 444 1220 496 haereticus
1243 463 1325 496 vos
1346 446 1540 494 seducat
1556 445 1710 495 verbis

150 525 356 588 inanibus
373 560 386 585 ,
407 524 455 573 id
475 531 543 573 est
564 560 577 582 ‚
598 537 701 587 quae
725 520 886 571 florem
911 522 1152 588 quemdam
1173 521 1580 572 videnturrhabere
1605 538 1710 571 ser-

150 604 303 652 monis
317 638 332 661 ,
353 601 706 652 etssblandiuntur
725 600 1075 665 peccatoribus,
1101 599 1183 649 sed
1204 616 1347 650 vacua
1366 607 1468 649 sunt
1487 601 1686 649 veritatis
1700 635 1713 660 ,

151 682 211 729 ait
233 679 368 731 divus
394 677 734 744 Hieronymus.

219 755 416 817 Propter
437 757 538 806 hoec
567 757 689 804 enim
715 757 856 804 venit.

222 831 394 893 Venit,
418 832 496 881 hic
515 832 734 896 significat
758 846 955 894 praesens
985 838 1030 879 et
1044 829 1192 894 aliquo
1215 829 1355 880 modo
1384 829 1582 881 futurum
1603 866 1614 892 ‚
1643 833 1715 880 si-

149 917 220 960 cut
247 913 413 973 primae
437 907 465 957 J
473 926 575 958 oan.
602 929 647 958 2.
682 907 997 956 Antichristus
1026 910 1167 958 venit.

215 982 390 1034 Iudicat
415 987 562 1048 itaque
591 982 788 1032 futurum
814 980 902 1032 Dei
936 983 1148 1047 judicium
1173 992 1217 1034 et
1240 986 1351 1032 iram
1382 991 1620 1034 venturam
1659 986 1708 1033 in

149 1054 402 1112 incredulos
425 1069 470 1109 et
500 1059 850 1120 inobedienteS,
892 1063 969 1123 qui
996 1077 1082 1108 nec
1116 1060 1306 1109 credunt
1325 1096 1338 1121 ,
1365 1076 1455 1109 nec
1487 1059 1711 1109 obediunt

147 1136 253 1190 Deo
278 1138 533 1202 supradicta
553 1143 736 1200 peccata
762 1137 952 1183 vetanti.

215 1208 271 1266 fi.
301 1234 354 1281 ¹7.
378 1215 537 1264 Nolite
556 1232 659 1276 ergo
682 1211 862 1277 effici...
885 1210 1005 1263 Vide
1026 1210 1352 1278 paraphrasim.

215 1293 269 1348 Ῠ.
295 1293 343 1342 8.
371 1294 526 1341 Eratis
553 1295 679 1339 enim
704 1291 1024 1355 aliquanda...
1049 1288 1168 1342 Vide
1194 1287 1519 1354 paraphrasim.

214 1366 281 1430 Ῡ.
305 1372 352 1437 9.
375 1371 575 1422 Fructus
596 1370 717 1416 enim
742 1369 909 1417 lucis...

212 1439 307 1492 Per
327 1441 636 1506 parenthesim
662 1441 860 1490 ostendit
885 1456 985 1505 quae
1006 1443 1095 1490 sint
1119 1458 1256 1507 opera
1279 1441 1418 1503 lucis,
1439 1448 1488 1489 nt
1507 1456 1567 1489 ex
1597 1457 1715 1507 ope-

147 1521 270 1570 ribus
295 1537 346 1569 se
367 1519 474 1568 tucis
496 1520 612 1569 filios
639 1518 904 1568 exhibeant.
1507 1565 1516 1576 ,

212 1591 405 1646 Fructus
429 1596 539 1646 lucis
567 1598 757 1662 opponit
783 1596 996 1660 operibus
1022 1598 1315 1646 tenebrarum
1333 1632 1348 1659 ‚
1371 1595 1431 1645 de
1450 1596 1610 1660 quibus
1629 1613 1716 1646 su-

141 1673 220 1736 pra
236 1708 250 1735 ,
276 1672 529 1721 bonitatem
554 1672 804 1721 iracundiae
828 1709 841 1734 ‚
874 1675 1088 1736 justitiam
1115 1671 1344 1724 fraudibus
1364 1675 1563 1723 avaritiae
1579 1709 1594 1735 ‚
1620 1690 1713 1723 ve·-

140 1750 318 1799 ritatem
339 1749 595 1799 mendacio,

210 1817 268 1878 Ῠ.
307 1841 382 1876 10.
407 1825 803 1890 P1·obantes.quid
824 1830 885 1875 sit
908 1827 1246 1891 beneplacitum
1277 1826 1397 1876 Deo.
1425 1824 1521 1876 Hic
1552 1830 1712 1878 versi-

143 1901 263 1952 culus
285 1902 488 1952 decimus
509 1904 761 1953 nectendus
785 1913 851 1952 est
875 1912 1037 1955 octavo
1056 1941 1070 1967 ,
1093 1912 1143 1952 ut
1166 1904 1265 1966 filii
1282 1905 1399 1952 lucis
1431 1907 1670 1955 ambulate
1689 1942 1706 1966 ,

136 1985 432 2044 probantes...

208 2058 415 2113 Primum
457 2062 656 2112 hominis
695 2061 941 2114 Christiani
978 2064 1177 2114 studium
1207 2067 1266 2114 sit
1296 2062 1388 2115 Dei
1423 2066 1701 2116 voluntatem

143 2141 258 2190 circa
284 2158 334 2191 se
362 2158 639 2206 cognoscere
662 2180 673 2203 ‚
708 2152 754 2192 ut
777 2142 896 2192 iliam
916 2144 1175 2208 adimpleat.

166 2256 168 2258 -
208 2217 428 2271 Voluntas
454 2224 575 2271 enim
603 2219 692 2271 Dei
726 2221 864 2271 debet
891 2240 989 2272 esse
1016 2225 1120 2272 vitae
1148 2230 1312 2272 nostrae
1340 2222 1488 2287 regula
1515 2223 1606 2272 :ad
1638 2223 1704 2272 it-

139 2289 228 2346 iam
243 2299 396 2347 omnia
410 2307 562 2347 nostra
580 2297 747 2348 referre
765 2298 1008 2358 debemus;
1029 2300 1085 2348 ad
1101 2300 1216 2349 iiiam
1233 2304 1414 2364 semper
1433 2301 1668 2352 intendere
1688 2324 1701 2364 3

140 2371 198 2420 ad
216 2371 357 2432 illam,
383 2377 506 2437 qnasi
528 2375 585 2423 ad
606 2382 807 2425 centrum
826 2384 1047 2437 nostrum,
1069 2379 1219 2425 omnia
1233 2385 1383 2427 nostra
1404 2377 1574 2429 debent
1591 2396 1705 2431 con-

140 2446 295 2498 fluere.

204 2519 320 2572 Ideo
359 2519 565 2574 Christus
594 2524 746 2575 docuit
776 2545 861 2577 nos
894 2537 1070 2579 orantes
1115 2529 1265 2579 dicere
1295 2548 1307 2577 t
1340 2531 1455 2578 Fiat
1488 2533 1704 2584 voluntas

135 2617 267 2657 tua...
286 2601 365 2652 fiat
393 2620 474 2668 per
509 2620 583 2652 me
605 2640 620 2666 ,
655 2603 713 2653 de
737 2611 839 2665 me,
877 2608 926 2655 in
949 2625 1023 2657 me
1046 2643 1059 2668 ,
1095 2610 1337 2665 circame3
1376 2608 1423 2655 in
1455 2609 1545 2658 vita
1581 2618 1628 2659 et
1655 2612 1702 2661 in

136 2688 284 2731 morte
299 2717 312 2743 ,
336 2683 385 2731 in
407 2690 613 2747 tempore
636 2689 682 2732 et
703 2683 750 2731 in
779 2687 1048 2736 aeternitate.

204 2749 262 2808 Ῠ.
295 2777 371 2809 11.
395 2761 455 2809 Et
482 2763 622 2811 nolite
653 2764 1048 2828 communicare...
1072 2764 1209 2829 'ptura
1238 2765 1403 2829 cogitat
1440 2771 1484 2813 et
1510 2764 1602 2815 vult
1630 2767 1702 2816 in-

137 2831 273 2898 tenigi
298 2839 435 2900 quam
457 2855 557 2903 quae
579 2839 734 2903 verbis
759 2842 986 2904 exprimit.
1551 2902 1552 2905 ,

343 2919 416 2955 lv.
1477 2927 1503 2971 7
