1800 3158
502 69 734 106 *rnu’mx
770 67 1054 105 Exposmo.
1090 53 1205 127 Cap.
1247 53 1298 108 I.
1593 73 1692 123 209

118 152 229 203 vere
247 161 499 214 cognoscas
513 151 559 196 et
577 142 732 194 laudes
751 161 762 202 ;
783 143 914 192 unire
935 142 1072 193 corde
1091 180 1105 205 ‚
1125 151 1175 193 ut
1189 141 1346 195 Deum
1366 145 1414 192 in
1435 141 1696 209 ipso'digne

119 246 279 291 ames,
313 225 477 292 adunes
499 231 547 275 et
581 221 728 280 colas;
757 222 886 271 unire
911 238 1077 285 opere,
1103 224 1257 271 omnia
1282 220 1416 271 facias
1443 223 1491 270 in
1521 222 1625 287 ipso,
1650 229 1698 271 et

122 325 205 374 per
229 310 394 372 ipsum.

184 374 498 430 SicChristus
521 378 605 426 erit
634 376 744 425 vere
769 375 860 423 vita
895 381 991 430 lua;
1019 377 1084 423 sic
1108 392 1232 423 mors
1258 376 1341 423 erit
1373 374 1456 423 libi
1481 377 1590 422 vere
1621 373 1701 422 lu·-

122 452 293 510 crum-z=
317 454 472 506 Deum
503 455 672 520 quippe
706 454 906 502 moriens
940 451 1204 510 lucraberis,
1241 449 1350 499 'Deo
1387 466 1468 515 per
1505 458 1701 500 mortem

122 533 311 588 frueris;
345 523 446 598 post
471 537 668 580 mortem
692 531 738 578 in
760 524 972 587 Christo,
1002 545 1106 576 cum
1131 523 1340 587 Christo,
1363 531 1411 573 et
1433 542 1512 588 per
1532 521 1703 596 chrip-

125 619 222 660 tum
245 608 400 660 Deum
425 608 605 658 videbis
624 644 637 666 ‚
662 607 837 655 amabis
858 643 871 667 ‚
903 605 1105 656 laudabis
1126 608 1174 654 in
1202 613 1441 653 aeternum.

162 716 165 721 2
193 681 251 738 fi.
273 703 355 736 22.
379 685 520 752 Quod
536 686 581 733 si
598 685 742 735 vivere
759 688 804 732 in
828 701 992 742 carne,
1020 684 1115 741 hic,
1142 678 1252 742 (Gr.
1268 675 1431 742 τοῦτο,
1452 680 1564 740 hoc)
1585 681 1706 733 mihi

109 762 314 830 sar-‘uelem
333 762 482 826 operis
502 770 586 811 est.
612 761 674 810 Et
697 759 885 824 (supple
907 777 965 808 ex
986 776 1118 808 versu
1143 758 1456 823 praecedenti)
1476 758 1597 805 mori
1624 758 1703 805 Iu-

125 839 310 902 crum),
339 840 451 906 quid
469 841 638 901 eligam
668 835 850 899 (vivere
875 854 931 885 an
959 834 1101 895 mori)
1126 837 1300 899 ignoro.

169 907 440 984 ‘Proprium
471 923 536 964 est
558 915 758 963 hominis
782 915 934 973 anxii,
963 914 1117 975 dubii,
1149 912 1375 976 perplexi,
1402 927 1543 959 unum
1571 926 1690 959 voce

130 995 414 1059 exprimere,
438 991 626 1040 alterum
647 998 804 1039 mente
835 993 1059 1051 retinere,
1082 990 1317 1054 verbaque
1347 1005 1425 1037 sua
1453 1005 1548 1038 non
1569 988 1704 1037 nobis

126 1073 304 1120 tantum
334 1085 450 1132 voce
481 1067 660 1132 prolatis
678 1103 692 1130 ‚
719 1067 802 1117 sed
835 1074 881 1116 et
909 1068 1061 1116 verbis
1093 1076 1248 1116 mente
1274 1067 1463 1115 retentis
1501 1081 1702 1114 connec-

130 1156 268 1206 tere:
297 1149 352 1198 id*
369 1148 475 1199 facit
506 1145 584 1197 hic
612 1144 675 1198 D.
707 1145 908 1210 Paulus,
937 1166 1078 1198 unum
1109 1150 1355 1214 exprimit,
1380 1148 1556 1208 vivere,
1586 1144 1706 1196 aliud

126 1229 321 1291 cogitat,
349 1229 472 1276 mori
481 1242 503 1283 ;
531 1234 575 1277 et
599 1243 659 1277 ex
683 1226 765 1276 illis
797 1227 976 1276 duobus
1008 1229 1198 1292 ambigit
1230 1225 1340 1293 quid
1365 1226 1511 1291 eligat.

192 1301 352 1369 Itaque
375 1339 388 1362 ,
415 1320 574 1352 sensus
606 1312 673 1352 est
702 1323 712 1351 :
738 1307 774 1352 si
811 1321 887 1353 me
925 1307 1082 1353 vivere
1113 1320 1267 1370 operae
1299 1306 1497 1368 pretium
1531 1311 1629 1362 est3
1668 1305 1708 1353 si

73 1408 80 1411 <
123 1378 306 1435 aliunde
331 1378 443 1429 mihi
469 1377 641 1427 lucrum
677 1387 746 1428 est
778 1383 924 1441 mori;
956 1383 1112 1431 nescio
1147 1381 1256 1446 quid
1288 1397 1348 1429 ex
1371 1379 1583 1431 alterutro
1615 1380 1705 1431 eli-

124 1475 246 1523 gam.
330 1508 333 1515 ,
510 1455 513 1456 ’

194 1530 456 1584 Arbitratur
482 1530 547 1584 D.
573 1530 933 1601 Chrysoslomus
954 1535 1076 1600 quod
1098 1539 1189 1586 vila
1210 1545 1256 1586 et
1275 1554 1398 1586 mors
1420 1538 1469 1586 in
1486 1535 1698 1602 Apostoli

123 1623 351 1682 potestate
379 1623 562 1677 essent,
585 1617 630 1665 id
652 1625 748 1678 est,
776 1633 855 1666 seu
879 1619 1035 1667 vivere
1070 1626 1114 1668 et
1144 1622 1460 1685 proximorum
1482 1620 1610 1670 saluti
1635 1619 1701 1668 la-

122 1690 313 1749 borare;
343 1707 422 1740 seu
443 1684 558 1740 mori
579 1700 623 1742 et
649 1710 728 1758 per
747 1701 942 1743 mortem
971 1694 1137 1744 aeterna
1163 1695 1302 1761 gloria
1334 1694 1446 1757 srui;
1475 1706 1521 1747 et
1555 1700 1708 1748 nescit

128 1769 238 1836 quid
265 1769 417 1835 eligat.
1572 1788 1579 1792 ·

194 1840 319 1898 Ecce
344 1851 499 1913 quanti
520 1848 626 1900 facit
647 1853 901 1901 animarum
921 1853 1108 1902 salutern
1129 1855 1138 1902 1
1161 1853 1276 1903 illam
1304 1857 1494 1920 propriae
1515 1855 1700 1905 beatitu-

128 1927 224 1976 dini
245 1945 336 1977 suae
355 1927 534 1992 praesert
561 1949 573 1977 :
600 1933 647 1980 in
668 1929 786 1993 hoc,
819 1935 932 1982 sicut
958 1942 999 1982 et
1030 1936 1080 1983 in
1105 1934 1228 1997 aliis,
1257 1932 1426 1986 Christi
1450 1934 1702 1986 dilectionis

126 2005 210 2056 fuit
231 2009 427 2058 imitator
448 2029 458 2058 ε
481 1982 599 2060 sic&
617 2008 821 2062 Christus
842 2050 853 2071 ‚
878 2018 982 2062 cum
1003 2017 1116 2064 vixit
1138 2018 1185 2064 in
1206 2018 1361 2079 terris,
1383 2017 1573 2068 salutem
1594 2035 1702 2070 nos·

129 2091 243 2133 tram
277 2087 403 2150 quasi
434 2086 624 2150 praetulit
657 2089 810 2153 gloriae
843 2107 959 2149 suae,
990 2094 1048 2140 ita
1087 2089 1255 2142 Paulus
1284 2096 1481 2160 proximi
1510 2095 1700 2148 salulem

66 2168 78 2180 ’·
129 2165 328 2228 propriae
357 2163 509 2227 gloriae
538 2182 628 2216 suae
650 2167 861 2231 praetulit.

198 2236 326 2302 Quid
352 2240 409 2289 ad
436 2239 526 2314 ¹¹0⁶:
549 2243 700 2294 dicant
725 2254 790 2296 tot
828 2255 1061 2313 pastores,
1092 2252 1167 2316 qui
1191 2268 1268 2301 sua
1291 2255 1423 2303 unice
1458 2262 1662 2319 qnaerunt
1681 2292 1695 2314 ,

127 2318 203 2379 qui
223 2333 302 2365 sua
336 2319 579 2368 commoda
607 2324 764 2372 ovium
795 2324 923 2374 saluti
953 2326 1232 2393 praeferunt,
1266 2332 1341 2396 qui
1367 2350 1428 2383 ne
1457 2333 1699 2383 minimum

131 2391 316 2457 quidem
340 2395 563 2446 molestiae
596 2416 677 2463 pro
698 2401 781 2451 illis
816 2406 905 2467 pati
941 2404 1134 2456 volunt?
1171 2407 1360 2459 Talibus
1396 2414 1559 2462 merito
1592 2412 1703 2462 dicit

128 2466 378 2536 Apostolus
403 2491 415 2521 :
440 2473 708 2526 Imitatur-es
738 2477 832 2528 mez⁴
849 2489 989 2530 estote
1002 2517 1022 2544 ‚
1048 2486 1170 2534 s'cut
1191 2482 1241 2535 εἰ
1264 2506 1344 2551 ego
1369 2489 1560 2539 Christi.

196 2538 256 2598 Ῠ.
277 2546 357 2597 23.
372 2545 608 2601 Coarctor
626 2563 782 2606 autem
802 2559 826 2606 ὲ
853 2560 1049 2610 duobus.

143 2617 283 2677 ‘'Gr.
324 2620 442 2671 σὺνέ
482 2641 665 2691 χομσιι,
709 2636 920 2700 uli-inque
979 2638 1158 2702 cingor,
1212 2643 1424 2707 utrinque
1471 2664 1659 2712 premor

129 2693 241 2761 hine
260 2699 487 2754 desiderio
511 2709 840 2772 dissolutionis;
863 2712 971 2763 hinc
996 2719 1264 2768 necessitate
1302 2723 1491 2773 vivendi
1517 2734 1701 2793 propter

131 2793 232 2825 vos.

201 2855 486 2910 Desidet-ium
503 2863 677 2915 habens
695 2869 886 2921 dissolui
903 2908 916 2935 ‚
939 2875 964 2922 ὲ
991 2876 1174 2927 vinculo
1195 2878 1367 2930 scilicet
1383 2920 1396 2946 ‚
1428 2901 1519 2948 quo
1545 2888 1695 2935 anima

338 2941 408 2977 lv.
1444 2968 1494 3014 9.
