1806 3164
461 53 688 95 ramum:
725 50 1017 88 Exnosrrro.
1061 36 1178 101 Gap.
1215 36 1258 87 Ι.
1537 34 1636 85 205

135 124 199 196 Ϊ
183 170 207 196 ,
233 129 311 182 13.
339 128 422 181 Ita
450 136 503 186 ut
528 127 720 185 vincula
759 144 915 175 mea...
949 126 997 173 in
1025 127 1159 174 omni
1176 124 1396 190 proetorio
1410 160 1428 184 ,
1467 124 1515 174 id
1542 130 1640 184 est,

0 215 2 218 ’
74 210 173 267 toto
198 209 483 275 imperatoris
507 205 689 272 palatio,

86 282 330 343 Praetor
345 284 419 350 ille
438 282 671 345 dicebatur
694 279 801 331 olim
820 316 835 342 ‚
867 281 942 345 qui
964 280 1149 344 praeibat
1173 280 1408 330 exercitui.

99 361 417 434 Praetorium
426 363 604 427 proprie
621 361 862 410 tentorium
880 365 971 408 erat
992 359 1301 421 imperatori33
1319 364 1364 406 et
1384 373 1468 421 per
1483 364 1647 407 exten-

5 481 13 500 λ
75 441 256 490 sionem
270 439 443 491 dictum
463 447 531 489 est
556 438 613 489 ab
619 437 861 503 aliquibus
878 436 1158 500 praetorium,
1185 429 1420 484 Caesarum
1450 434 1613 486 domus
1629 470 1647 496 ,

75 534 154 570 seu
176 520 413 584 palatium.
808 554 814 561 ψ

52 586 57 587 ⁷
87 624 91 628 -
146 593 307 663 Itaque
327 613 488 647 sensus
509 603 610 645 est.
633 555 809 644 vincula
824 609 926 642 mea
944 591 1140 641 celebria
1152 589 1266 640 facta
1285 589 1462 640 suntad
1477 583 1648 639 Chris-

11 715 18 720 ,
79 676 112 725 ti
132 673 360 739 gloriam
342 691 393 725 in
413 681 521 723 -toto
544 670 746 724 Neronis
782 671 945 738 palatio
975 679 1021 720 et
1045 672 1092 719 in
1122 670 1335 718 omnibus
1361 669 1455 718 aliis
1480 665 1649 718 Romae
1719 724 1724 726 s

78 755 213 811 locis;
244 755 410 818 quippe
431 738 628 801 innotuit
648 753 816 817 ubique
841 749 965 814 quod
990 746 1159 799 Christi
1179 745 1309 797 causa
1328 784 1340 807 ‚
1371 765 1465 797 non
1497 755 1649 798 autem

77 827 139 875 ob
164 825 346 891 aliquod
365 825 510 875 scelus
530 864 543 888 ‚
570 828 747 875 vinctus
769 842 917 874 essem
939 846 949 880 ;
976 824 1173 889 hincque
1193 823 1320 872 aulici
1347 830 1391 872 et
1414 825 1537 873 cives
1557 841 1649 872 ro·-

78 905 201 965 mani
219 905 473 958 curiositate
498 903 617 953 ducti
642 905 938 969 inquisierunt
959 905 1058 968 quis
1078 910 1200 951 esset
1217 898 1424 951 Christus
1442 938 1456 966 ‚
1477 909 1523 951 et
1546 919 1646 968 quae

79 977 250 1029 Christi
271 978 502 1038 doctrina3
525 978 725 1044 hincque
751 979 899 1044 plures
924 986 968 1027 et
989 982 1016 1027 e
1042 977 1181 1027 domo
1205 974 1423 1049 Caesaris²
1453 985 1499 1028 et
1522 980 1648 1028 cives

80 1054 383 1121 romanisacti
411 1065 513 1106 sunt
543 1053 815 1120 Christiani,
846 1066 894 1107 ut
918 1064 1038 1123 patet
1060 1073 1159 1121 cap.
1179 1055 1237 1116 4,
1266 1049 1324 1107 fi.
1356 1072 1439 1105 22.

100 1186 102 1188 ,
150 1133 280 1185 Deus
303 1134 429 1202 malis
456 1134 698 1184 hominum
726 1135 1035 1186 voluntatibus
1064 1137 1203 1183 utitur
1234 1133 1291 1182 ad
1321 1149 1448 1199 suam
1476 1133 1644 1183 volun-

82 1222 224 1265 tatem
254 1213 504 1265 faciendam
531 1235 541 1262 ε
569 1222 614 1265 et
651 1215 775 1279 quod
800 1215 1012 1263 homines
1046 1213 1426 1278 impedimentum
1455 1221 1648 1279 putant,

83 1312 205 1359 saepe
223 1294 427 1343 medium
453 1303 521 1344 est
545 1314 635 1360 quo
659 1294 787 1345 Deus
810 1296 867 1343 ad
889 1296 1002 1343 fines
1028 1311 1133 1342 suos
1157 1297 1309 1343 utitur.

153 1367 320 1419 Mirare
332 1371 473 1432 ipsius
488 1370 845 1434 providentiam:
862 1377 962 1419 tute
977 1377 1122 1418 totum
1141 1368 1199 1417 illi
1216 1370 1449 1418 committe
1468 1387 1479 1417 t
1498 1372 1652 1420 omnia

83 1462 165 1510 per
203 1452 456 1510 respectum
486 1445 543 1493 ad
575 1448 767 1510 primam
803 1462 981 1494 causam
1010 1447 1209 1511 respice,
1248 1446 1396 1495 sciens
1423 1448 1651 1510 «quoniam

16 1567 18 1570 ,
84 1524 244 1571 omnia
267 1528 463 1573 serviunt
482 1523 567 1582 itti,
586 1531 633 1571 ut
655 1526 712 1572 ait
732 1520 964 1589 Propheta
983 1520 1157 1586 Regius
1173 1559 1185 1583 ‚
1204 1531 1246 1572 et
1267 1527 1481 1587 quoniam
1500 1527 1653 1575 omnia

84 1605 203 1667 justo
222 1606 498 1669 proveniunt
512 1603 787 1664 adsalutem,
804 1612 851 1652 ut
870 1604 990 1653 dese
1004 1604 1195 1661 >confidit
1214 1602 1276 1654 D.
1290 1602 1477 1669 Paulu5‚
1495 1601 1554 1658 Ῡ.
1575 1627 1653 1676 ¹9·

156 1669 212 1728 Ῠ.
239 1677 317 1738 14.
341 1677 403 1726 Et
420 1679 573 1741 plures
593 1680 617 1726 ὲ
629 1676 910 1738 fratribus...
938 1679 984 1728 id
1007 1689 1103 1742 est,
1134 1679 1283 1744 plures
1302 1679 1531 1732 christiani
1552 1682 1651 1733 fra-

87 1763 179 1804 tres
199 1758 479 1808 vinculorum
513 1775 719 1808 meorum
744 1757 860 1811 felici
884 1775 1096 1808 successu
1124 1761 1307 1807 animati
1334 1776 1387 1809 ac
1418 1761 1648 1822 roborati,

86 1829 271 1880 liberius
290 1840 332 1881 et
350 1831 630 1900 frequentius
653 1833 1015 1898 praedicaverunt
1038 1829 1358 1897 Evangelium.

157 1901 216 1961 Ῠ.
232 1931 247 1960 ι
259 1913 315 1961 5.
331 1910 543 1978 Quidam
561 1915 792 1978 quidem...
805 1913 851 1962 id
869 1922 954 1974 est,
971 1913 1152 1978 quidam
1174 1932 1255 1977 per
1273 1914 1488 1964 invidiam
1505 1916 1656 1981 gloriae

91 2002 211 2037 meae
237 1997 291 2038 et.
316 2007 397 2055 per
430 1994 805 2055 contentionem,
840 2008 930 2057 prae
970 2009 1046 2041 me
1078 1995 1126 2040 in
1159 1995 1410 2044 ministerio
1448 1995 1673 2046 volentes.

9 2072 14 2079 ’
92 2064 332 2116 excellere.

102 2169 104 2172 ·
163 2139 355 2211 Quippe,
376 2145 586 2196 videntes
615 2146 675 2196 illi
695 2146 818 2212 quod
845 2164 925 2212 per
954 2147 1325 2213 praedicationem
1342 2148 1508 2202 Paulus
1527 2144 1653 2208 cele·-

90 2219 185 2269 bris
205 2217 346 2271 factus
367 2231 485 2271 esset
509 2226 554 2272 in
574 2222 672 2273 aula
703 2231 748 2271 et
778 2226 824 2272 in
846 2225 956 2273 urbe
973 2261 987 2285 ‚
1016 2225 1283 2274 invidebant
1313 2227 1426 2276 illius
1459 2227 1651 2292 gloriae,

73 2311 286 2368 ‘eamque
313 2297 400 2346 sibi
419 2300 614 2363 arripere
634 2299 974 2349 contendebant
994 2320 1004 2358 3
1035 2298 1218 2366 hocque
1242 2301 1428 2350 invidiae
1450 2303 1584 2353 simul
1606 2311 1655 2357 et

92 2378 396 2424 contentionis
414 2380 595 2439 animo,
629 2379 950 2443 praedicabant.

162 2447 228 2510 Y.
257 2450 332 2501 16.
359 2453 566 2518 Quidam
590 2474 651 2504 ex
673 2457 903 2505 charitate
916 2492 932 2516 ‚
958 2459 1150 2507 scientes
1173 2459 1394 2522 quoniam
1417 2460 1465 2508 in
1485 2458 1654 2524 deseth

90 2529 264 2578 sionem
307 2531 543 2595 Evangelii
569 2535 745 2597 positus
779 2553 897 2583 sum.
926 2533 1037 2584 ldeo
1065 2536 1281 2599 adjuvant
1311 2553 1415 2597 me,
1453 2545 1495 2586 et
1528 2537 1656 2604 quod

90 2606 204 2656 mihi
228 2607 288 2656 ob
313 2608 489 2659 vincula
515 2625 608 2658 non
634 2609 765 2669 licet,
791 2609 882 2660 hoc
907 2613 993 2676 ipsi
1015 2618 1226 2676 praestant
1247 2620 1291 2662 et
1313 2611 1447 2661 solito
1477 2613 1653 2664 arden·-

89 2684 205 2743 tius,
230 2693 276 2733 ut
298 2702 404 2735 meo
429 2687 667 2752 suppleant
689 2687 904 2739 defectui.

213 2793 227 2807 .
251 2775 326 2822 ¹7·
347 2760 554 2823 Quidam
575 2781 637 2811 ex
654 2767 989 2817 contentione...
1004 2767 1329 2816 existimantes
1342 2786 1659 2832 pressuram...

93 2833 140 2886 id
159 2843 254 2898 est,
282 2838 592 2890 existimantes
617 2858 692 2892 me
708 2843 796 2892 sibi
821 2844 1012 2896 similem
1031 2883 1045 2910 ,
1070 2845 1117 2895 id
1139 2853 1240 2909 est,
1266 2845 1421 2911 gloriae
1442 2844 1655 2915 cupidum
