1800 3158
0 0 70 189 Ξ.
508 133 732 172 TRIPLEx
752 132 1037 168 EXPOSITIO.
1067 114 1185 183 Cap.
1206 113 1307 169 IV.
1585 117 1678 185 287

123 217 305 276 captum
327 206 602 264 :offirmas
623 216 689 257 est
718 207 972 268 Dumium,
997 215 1083 257 etc.
1107 208 1210 271 quia
1231 223 1316 255 nos
1345 223 1448 256 cum
1467 205 1617 256 laetitia
1636 215 1680 257 et

123 285 352 353 voluptate
369 284 536 338 odores
557 285 848 335 suavissimos
871 284 1143 350 percipimus
1166 304 1178 334 ι
1201 282 1306 334 ideo
1330 283 1465 346 dicit,
1495 285 1677 333 odorem

35 423 37 425 ι
121 366 378 415 suauitatis.
409 406 412 407 γ
872 415 876 419 .
1406 419 1409 421 ,

186 437 327 492 Notat
350 450 501 492 autem
537 440 659 508 quod
691 456 785 490 non
818 436 964 487 fumus
996 437 1188 487 faciebat
1222 445 1403 505 accepta
1431 438 1671 500 sacrificia,

116 516 199 567 sed
219 520 395 568 animus
421 521 496 584 qui
519 517 740 568 offerebat
765 535 775 564 z
799 518 858 564 ita
881 524 926 565 et
947 515 1002 564 de
1028 514 1336 580 eleemosyna.

184 592 252 657 ss.
281 613 358 663 19.
385 598 508 645 Deus
525 604 680 644 autem
705 612 832 643 meus
857 595 1048 657 impleat
1069 612 1205 642 omne
1225 594 1516 644 desiderium.

185 668 349 723 Graeca
368 675 565 730 vax-ianm
588 673 670 722 alia
692 672 862 721 habent
891 671 1079 735 χαρὰν,
1104 672 1322 735 goudium
1340 708 1355 730 ‚
1375 673 1496 735 quod
1517 680 1671 723 noster

113 753 333 818 interpres
358 756 494 804 vertit
520 753 791 801 desiderium
812 770 830 808 ;
858 754 959 817 quia
979 751 1094 800 >dum
1122 759 1325 799 nostrum
1347 751 1558 815 impletur
1581 756 1658 804 de·

111 831 326 882 siderium
345 869 359 894 ‚
389 831 600 896 impletur
620 839 665 881 et
693 831 921 895 gaudium.

178 904 283 958 Alia
297 904 456 972 χάριν,
494 913 719 971 gratiam,
751 908 831 956 alia
855 901 1057 971 χρέισιν,
1087 907 1424 966 necessitatem,
1450 908 1668 973 indigen-

110 984 218 1032 tiam
241 992 451 1035 vestram.
475 982 540 1034 Ita
562 982 715 1051 Syrus·

176 1055 238 1108 Et
274 1058 365 1109 hoc
402 1059 606 1110 ultimum
639 1059 912 1125 probabilius
951 1066 1074 1124 putat
1110 1058 1241 1106 divus
1277 1055 1660 1125 Chrysostomus,

105 1136 290 1202 vultque
311 1138 432 1188 hunc
447 1156 627 1188 versum
645 1137 797 1188 referri
819 1139 874 1188 ad
897 1138 942 1186 id
959 1136 1080 1203 quod
1095 1139 1226 1200 supra
1248 1135 1362 1185 dixit
1379 1135 1628 1200 Apostolus
1644 1177 1656 1201 ‚

106 1216 326 1275 occupati
358 1218 529 1272 eratis,
575 1230 656 1263 seu
701 1215 971 1279 indigebatis
1007 1233 1018 1258 =
1047 1212 1243 1278 hincque
1282 1224 1487 1280 precatur
1516 1213 1659 1282 Apo·
1711 1218 1715 1228 “

108 1289 246 1339 stolus
268 1299 318 1340 ut
345 1289 470 1342 Deus
495 1293 577 1340 illis
605 1295 858 1342 necessaria
882 1295 986 1340 vitae
1019 1291 1175 1341 donet.

174 1363 366 1432 Impleat
389 1369 434 1417 id
467 1386 604 1417 omne
643 1368 766 1432 quod
794 1369 928 1417 vobis
955 1385 1068 1431 opus
1097 1375 1192 1427 est,
1229 1369 1288 1416 ait
1322 1365 1661 1422 TheodoretuS.

7 1452 19 1490 ’,
103 1436 322 1491 Precatur
343 1461 450 1507 ergo
479 1444 560 1493 illis
585 1444 951 1492 benedictionem
975 1442 1273 1507 temporalem
1299 1452 1344 1494 et
1369 1453 1601 1495 aeternam.

0 1505 3 1519 ⁵
166 1516 310 1570 Notat.
335 1522 465 1571 divus
492 1519 846 1588 Chrysostomus
869 1521 989 1585 quod
1013 1520 1144 1584 hujus
1169 1524 1278 1571 vitae
1299 1526 1548 1571 necessaria
1573 1523 1654 1572 illis

11 1602 15 1619 *
97 1603 333 1657 precatur,
363 1605 410 1646 ut
431 1614 479 1646 se
502 1597 557 1645 ad
580 1614 734 1646 eorum
763 1605 942 1661 captum
971 1595 1194 1647 demittat.

167 1668 288 1720 Nam
310 1676 345 1722 si
367 1671 414 1722 S.
435 1672 576 1723 Paulo
597 1674 763 1723 similes
785 1673 974 1722 fuissent
993 1711 1007 1736 ,
1031 1675 1067 1722 si
1095 1663 1210 1724 adeo
1233 1674 1434 1723 crucifixi
1455 1693 1506 1723 ac
1530 1677 1653 1741 ipse,

98 1761 193 1795 non
213 1747 311 1797 haec
325 1754 432 1798 sane
456 1750 666 1800 fecissent
688 1770 699 1798 ι
720 1751 802 1801 sed
825 1754 925 1816 quia
947 1752 1157 1801 homines
1174 1761 1299 1801 erant
1319 1754 1522 1816 opifices,
1540 1770 1655 1816 pau-

97 1839 229 1886 peres
245 1863 257 1886 ,
291 1845 458 1876 uxores
481 1836 524 1877 et
548 1829 660 1877 filios
689 1827 918 1877 habebant
937 1867 949 1891 ,
976 1837 1088 1891 etc.,
1115 1828 1398 1894 quadamque
1420 1838 1654 1893 propterca

96 1913 243 1948 rerum
273 1903 512 1966 cupiditate
538 1906 808 1954 tenebantur
838 1904 977 1954 :hinc
998 1914 1202 1967 precatur
1226 1911 1474 1956 necessaria
1492 1946 1505 1967 ‚
1539 1913 1652 1959 sicut

99 1983 144 2026 et
178 1975 383 2031 Christus
419 2001 503 2032 nos
531 1985 681 2033 docuit
717 1984 870 2034 dicere
904 2007 915 2034 :
953 1986 1129 2034 Panem
1161 1995 1367 2036 nostrum
1409 1992 1648 2054 quotidia-

96 2074 209 2105 num
227 2093 242 2120 ‚
270 2067 367 2110 etc..

165 2135 424 2184 Secundum
449 2138 632 2186 divitias
656 2158 781 2188 suas.
812 2137 916 2205 Syr.
939 2140 1119 2205 impleat
1147 2159 1332 2192 omnem
1354 2133 1651 2210 indigentiam

95 2225 316 2280 vestram,
337 2220 587 2270 secundum
616 2221 891 2285 opulentiam
916 2240 1059 2273 suam.

169 2293 314 2356 Quasi
328 2299 496 2349 diceret
515 2295 768 2367 Apostolus
794 2301 928 2352 :Hoc
952 2300 1062 2354 Deo
1087 2302 1341 2356 facillimum
1370 2316 1471 2371 est,
1495 2317 1652 2373 utpote

97 2372 172 2435 qui
193 2370 436 2424 ditissimus
459 2384 526 2425 est
550 2376 777 2444 habetque
806 2380 981 2431 divitias
1003 2384 1260 2432 immensas.

161 2446 222 2496 In
242 2448 391 2510 glor-1⁶13
413 2452 460 2500 t'n
492 2453 671 2502 Christo
692 2456 804 2504 Jesu
819 2493 833 2515 ‚
860 2459 909 2507 id
930 2467 996 2508 est
1012 2496 1024 2517 ,
1054 2459 1130 2510 det
1152 2468 1195 2508 et
1226 2460 1408 2523 gloriam
1430 2471 1642 2513 aeternam

92 2539 198 2588 quae
218 2533 285 2575 est
303 2526 353 2574 in
381 2526 564 2576 Clu-isto
591 2531 724 2590 Jem,
752 2533 850 2594 vel,
879 2533 958 2583 det
977 2535 1160 2599 gldriam
1183 2554 1264 2602 per
1286 2534 1319 2594 J
1325 2554 1448 2586 esum
1474 2536 1640 2590 Chris-

89 2608 210 2655 tum·

161 2670 219 2729 ff.
244 2697 326 2730 21.
349 2676 565 2732 Salutate
585 2702 767 2734 omnem
793 2697 1025 2739 sanctum.

163 2750 422 2816 Quomodo.
450 2763 599 2812 omnis
639 2758 918 2817 Christianus
951 2771 1006 2819 sit
1049 2777 1258 2834 sanctus,
1297 2772 1405 2822 vide
1446 2787 1546 2835 cap.
1597 2791 1646 2833 ι,

90 2822 148 2880 JV,
178 2848 221 2880 1.

160 2900 216 2962 fi.
242 2925 321 2957 22.
356 2909 573 2959 Maxim&
599 2922 753 2964 autem
777 2919 858 2981 qui
877 2919 934 2966 de
959 2918 1159 2969 Caesaris
1186 2922 1322 2971 domo
1346 2931 1467 2974 sunt.
