1806 3164
525 44 743 99 Tnffcux
777 48 1065 94 exposrrro.
1104 40 1219 106 Cap.
1254 38 1335 93 II.
1639 43 1707 96 63

0 112 102 203 ,
100 152 356 205 memus:
364 131 542 198 Abba,
581 130 738 182 Pater.
763 128 902 180 Hanc
923 134 1101 195 praxim
1122 130 1232 182 vide
1255 133 1302 180 in
1327 148 1426 196 cap.
1452 132 1500 194 4.
1525 125 1707 198 postfi.

11 205 44 247 ³3²
95 264 101 278 Γ
147 209 230 264 16
250 208 374 265 Vide
397 217 445 274 et
462 209 509 258 in
528 206 624 266 aliis
641 206 750 256 locis
772 207 837 259 ibi
853 208 1019 256 citatis.

41 282 53 302 ⁹
209 284 268 343 Ῠ.
292 307 367 374 19.
391 286 552 350 Ergo
520 305 628 351 Jam
650 304 741 334 non
767 286 874 333 estis
891 285 1142 350 hospztes...
1165 285 1247 334 sed
1263 289 1403 337 civeS.
1419 285 1505 338 Gr.
1528 288 1611 338 sed
1632 305 1709 339 es-

139 366 201 415 tis
225 364 440 412 concives
466 369 740 410 sanctorum.
762 356 868 424 Syr.
904 361 987 410 sed
1011 361 1087 409 filii
1119 363 1310 411 civitatis
1347 372 1632 425 sanctorum,
1663 373 1710 415 et

0 430 49 488 ’ὦ
140 438 224 488 filii
249 437 417 488 domus
438 434 545 486 Dei.

5 481 43 566 a}
208 513 288 566 Ex
311 515 441 564 dictis
476 513 771 572 concludens,
814 509 1014 577 Ephesis
1050 513 1249 561 ostendit
1290 517 1511 578 quantum
1543 532 1605 565 ex
1629 514 1710 566 sual

10 593 39 611 ²*
142 593 486 656 justificatione,
531 608 612 641 seu
646 590 726 641 sua
750 590 806 639 ad
840 587 1008 640 Christi
1045 591 1186 640 fidem
1213 596 1514 643 conversione
1547 594 1710 658 profe-

143 683 308 722 cerint.
574 676 588 688 ⁹

217 749 378 798 Eratis
392 748 608 813 hospites.
632 739 688 799 fi.
714 767 733 796 1
746 766 790 796 2.
811 747 867 795 N
864 766 955 795 unc
976 757 1132 796 antem
1154 766 1245 798 non
1268 749 1378 798 estis
1394 750 1583 815 amplius
1599 750 1710 800 hos·

139 830 264 895 pites
286 836 329 878 et
362 828 494 878 alieni
518 831 543 876 ὲ
571 829 669 889 jure
691 829 891 881 civium:
929 827 1012 876 sed
1033 829 1174 886 cives,
1203 845 1284 877 seu
1318 829 1519 877 concives
1561 824 1710 878 san'c-

143 916 297 958 torum
317 945 331 970 ,
354 909 435 957 filii
454 910 648 957 civitatis
671 911 947 957 sanctorum.

215 985 366 1038 Eratis
382 989 481 1036 sine
504 989 617 1038 Deo.
635 979 692 1037 fi.
718 1005 794 1035 12.
819 988 971 1048 Longe}
991 988 1021 1033 ὰ
1042 989 1150 1035 Deo.
1168 979 1224 1037 JV.
1256 986 1330 1037 13.

213 1062 356 1115 Nunc
377 1074 528 1115 autem
548 1067 792 1113 domestici
811 1066 923 1125 Dei,
948 1064 995 1113 id
1018 1073 1117 1124 est,
1141 1065 1346 1114 membra
1368 1061 1589 1115 Ecclesiae
1610 1084 1709 1134 quae

143 1151 215 1194 est
240 1146 371 1194 unica
395 1145 578 1205 civitas,
604 1143 764 1191 domus
790 1151 833 1191 et
855 1141 1020 1190 familia
1049 1139 1155 1192 Dei.

215 1216 283 1280 ss,
308 1235 387 1271 20.
421 1215 801 1285 Superoedtficati
825 1215 1391 1282 superfundumentum...
1413 1219 1502 1270 hoc
1525 1231 1592 1272 est
1621 1241 1709 1273 su·-

31 1346 37 1352 .
145 1305 228 1353 pra
255 1306 426 1337 novum
450 1298 495 1337 et
524 1298 654 1338 vetus
684 1285 1033 1336 Testamentum
1059 1287 1286 1344 collocati,
1317 1291 1376 1336 ait
1398 1285 1670 1340 Ambrosius
1691 1311 1705 1338 z

12 1359 34 1406 ,j
57 1420 59 1423 .
146 1356 273 1420 quod
297 1359 422 1406 enim
460 1354 672 1421 Apostoli
698 1356 1078 1419 praedicaverunt,
1108 1355 1340 1418 prophetae
1362 1355 1558 1407 futurum
1583 1375 1711 1422 prae-

66 1460 78 1469 x
146 1433 387 1482 dixerunt:
413 1431 537 1480 idem
561 1429 850 1481 Ambrosius.
887 1427 1133 1494 Prophetae
1153 1430 1472 1495 disposuerunt
1500 1432 1710 1498 Apostoli

9 1504 34 1572 ς
147 1508 443 1559 fundamenta
467 1510 685 1570 jecerunt.
712 1505 857 1556 Idem.

18 1599 23 1605 ’
217 1582 356 1633 Jesus
373 1581 579 1632 Christus
600 1591 667 1632 est
689 1584 947 1647 primarium
969 1577 1187 1630 Ecclesiae
1210 1580 1553 1634 fundamentum
1572 1623 1583 1647 ,
1604 1589 1723 1651 pri-—

145 1676 238 1710 mae
281 1657 388 1710 Cor.
429 1658 475 1709 3.
506 1652 564 1716 fi.
592 1678 668 1710 11.
703 1667 748 1708 et
778 1658 926 1720 aliud,
965 1661 1228 1722 primarium
1248 1659 1441 1722 scilicet,
1473 1679 1574 1711 esse
1612 1681 1709 1715 non

146 1747 317 1804 potest.
601 1757 603 1759 ¹
898 1736 924 1744 f

218 1814 434 1881 Apostoli
479 1824 582 1865 sunt
620 1814 911 1863 fundamenta
952 1813 1217 1863 secundaria
1234 1850 1247 1874 ‚
1284 1810 1436 1878 Apoc.
1480 1833 1557 1864 12.
1613 1818 1673 1879 14.
1692 1855 1706 1880 ,

148 1883 319 1958 nempe
337 1901 440 1957 post
454 1890 693 1942 Christum
718 1912 730 1942 ε
754 1895 886 1955 primi
908 1895 1031 1941 enim
1047 1899 1149 1940 sunt
1172 1892 1390 1955 dignitate
1407 1894 1454 1940 in
1473 1888 1695 1958 Ecclesia,

152 1980 199 2021 et
222 1988 358 2036 super
382 1975 582 2036 ipsorum
604 1969 804 2019 doctrina
824 1968 1006 2018 fundata
1025 1977 1093 2017 est
1117 1965 1338 2019 Ecclesia.

221 2047 471 2114 Prophetae
509 2050 676 2096 veteris
714 2045 1029 2106 Testamenti,
1076 2045 1133 2095 de
1167 2045 1239 2094 his
1279 2049 1402 2096 enim
1426 2046 1501 2096 hic
1528 2052 1706 2113 agitur,

150 2132 265 2184 sunt*
280 2126 415 2173 etiam
436 2122 752 2182 fundamenta,
781 2126 882 2187 quia
898 2121 1108 2171 eamdem
1133 2118 1455 2181 Christiftdem
1477 2125 1709 2186 praedica-‚-

151 2211 344 2260 verunt;
372 2209 416 2250 at
436 2199 671 2266 Apostolis
699 2199 910 2249 inferiora
929 2237 942 2260 ‚
971 2201 1073 2263 quia
1103 2195 1333 2246 Christum
1373 2199 1569 2249 futurum
1590 2202 1707 2251 obs-

154 2285 301 2347 curius
321 2319 333 2343 ‚
361 2290 405 2332 et
424 2284 540 2331 inter
559 2278 747 2329 Judaeos
769 2283 940 2329 tantum
967 2278 1346 2344 praedicaverunt.

224 2356 430 2408 Christus
452 2359 560 2424 lapis
588 2373 822 2414 summus,
851 2356 896 2405 id
916 2364 1006 2416 est,
1045 2358 1302 2417 extremus,
1340 2358 1485 2419 imus,
1508 2358 1707 2423 infimuS‚

155 2435 260 2500 quia
279 2451 464 2483 omnem
481 2442 698 2483 sustentat
719 2433 948 2482 fabricam.

226 2520 402 2571 Dicitur
424 2529 467 2571 et
489 2523 725 2585 angularis
741 2558 758 2581 ,
789 2524 891 2588 quia
911 2524 958 2570 in
982 2520 1153 2585 angulis
1177 2528 1244 2570 est
1266 2522 1490 2585 praecipua
1531 2525 1601 2573 vis
1626 2520 1713 2591 qua

150 2602 428 2650 sustinentur
446 2600 650 2649 aedilicia.

220 2673 756 2727 AlluditPaulusadIsai.
774 2694 812 2726 c.
830 2675 909 2726 28.
929 2674 996 2739 yffi.
1014 2673 1090 2734 16;
1106 2675 1217 2724 etad
1239 2671 1606 2742 Psalm.117.765'.
1631 2671 1715 2730 22.

225 2741 292 2803 Y.
320 2762 400 2793 2¹.
435 2745 492 2792 In
532 2762 619 2817 quo
654 2746 806 2793 omnis
830 2744 1133 2808 oedficatoeo...
1158 2741 1265 2808 Syr.
1289 2745 1342 2793 in
1381 2744 1547 2795 eodem
1572 2763 1716 2811 coag-

154 2829 381 2871 mentatur
402 2828 546 2871 toturn
575 2821 829 2873 aedificium.
858 2820 975 2876 Vide
1002 2820 1324 2888 paraphrasim.
