1800 3158
169 62 267 113 292
578 57 844 94 Ems'roLAE
891 59 960 95 An
993 53 1334 110 conossnussss
1776 49 1796 55 ”

168 127 436 190 Paulum
454 126 722 187 Colossis
754 149 1088 208 nunquam
1114 129 1482 210 praedicasse
1501 176 1520 210 ,
1553 130 1744 221 idque

170 230 470 312 colligunt
524 252 601 289 ex
650 229 913 290 diversis
951 231 1142 310 hujus
1194 231 1736 320 Epistolae,..,locjs.‚

167 335 435 393 maxime
458 353 535 392 ex
555 354 691 413 cap.
725 354 750 391 i
778 376 794 408 ,
817 346 879 407 ψ.
919 353 950 409 7
977 377 992 407 ,
1020 332 1129 391 ubi
1145 344 1410 397 testatur
1422 339 1557 422 ipse
1579 343 1742 406 Pail-

166 435 265 495 lus
295 432 461 515 quod
495 434 817 517 Epaphras
855 433 1046 513 ¹fuerit
1088 435 1546 503 Colossensium
1587 440 1740 504 doc..

165 554 300 615 tor,
331 549 391 597 et
422 559 558 618 cap.
596 558 628 596 2
651 580 666 611 ,
694 551 755 609 fi.
789 558 859 618 1,
893 537 1002 597 ubi
1040 541 1253 598 testari
1286 539 1538 601 videtur
1571 543 1741 624 quod

165 662 295 700 non
343 639 528 698 fuerit
569 640 740 698 visus
800 637 879 698 ab
921 639 1071 715 illis,
1122 652 1183 700 et
1217 662 1291 701 ex
1323 641 1434 703 alis
1466 642 1621 705 locis
1659 643 1740 706 de

169 740 398 822 quibus
429 763 540 801 suo
581 740 747 801 loco.

247 861 353 923 Ad
389 862 525 921 illos
553 873 762 919 tamen
806 860 1053 936 scribit,
1096 872 1229 921 tum
1271 863 1415 941 quia
1457 851 1739 926 omnium

170 966 444 1046 gentium
466 964 702 1022 Doctor
722 1006 738 1035 ,
766 973 900 1021 tum
923 962 1189 1022 maxime
1215 965 1357 1042 quia
1379 963 1737 1045 Epaphram

164 1068 295 1148 ipse
340 1063 418 1124 ad
464 1085 565 1123 eos
613 1065 900 1135 miserat,
961 1062 1333 1143 illorumque
1378 1065 1737 1147 episcopum

167 1170 610 1240 constituerat,
660 1167 744 1223 ait
784 1164 1304 1247 Martyrologium
1340 1165 1731 1240 Romanum,

166 1269 266 1331 die
294 1268 531 1330 decima
555 1266 721 1327 nona
746 1265 909 1345 julii.

251 1388 483 1449 Scribit
514 1398 720 1446 autem
750 1397 816 1444 ut
851 1381 954 1444 eos
988 1385 1022 1443 a
1055 1383 1383 1444 virulentis
1408 1385 1740 1446 haeretieo-

163 1515 308 1552 rum
337 1488 728 1571 dogmatibus
771 1488 1036 1559 eximat,
1071 1497 1131 1544 et
1172 1497 1240 1544 ut
1274 1487 1341 1544 in
1384 1483 1505 1545 fide
1535 1508 1736 1546 evan-

172 1586 361 1668 gelica
392 1582 738 1644 confirmet.

254 1704 666 1766 Penetrarant
697 1704 863 1761 enim
888 1700 1170 1760 Colossas
1198 1697 1733 1779 pseudoapostoli,

170 1806 515 1878 Simoniani
564 1816 642 1876 et,
651 1800 1043 1882 judaizantes
1065 1823 1080 1874 3
1131 1816 1399 1878 quorum
1426 1799 1612 1879 primi
1634 1795 1736 1856 di-

173 1906 400 1967 cebant
435 1924 563 1962 non
603 1901 921 1960 Christum
941 1943 957 1972 ,
990 1895 1099 1956 sed
1137 1895 1410 1977 Angelos
1440 1916 1569 1954 esse
1593 1916 1738 1956 nos-

105 2067 107 2069 .
167 2021 281 2068 trae
318 2002 844 2065 salutis'auctores
890 2011 949 2058 et
987 1996 1392 2074 mediator-ee,
1425 2008 1486 2056 et
1516 2017 1736 2058 conse-

171 2117 433 2191 quenter
461 2125 571 2184 per
594 2099 895 2182 AngeIOS,
925 2118 1050 2157 non
1080 2119 1192 2178 per
1223 2097 1542 2155 Christum
1562 2138 1579 2169 ,
1605 2114 1736 2154 esse

169 2204 593 2273 accedendum
614 2203 692 2263 ad
720 2203 925 2261 Deum
939 2224 956 2276 5
989 2196 1243 2258 secundi
1263 2195 1412 2255 vero
1433 2193 1736 2275 urgebant

162 2311 558 2395 judaicarum
586 2317 646 2364 et
681 2301 1119 2386 gentilitiarum
1145 2296 1485 2357 multarum
1518 2316 1734 2377 super-

171 2415 496 2476 stitionum
516 2406 1019 2467 observationem
1032 2444 1046 2459 .

250 2535 677 2615 Utrorumque
704 2542 964 2586 'errores
989 2523 1190 2606 primo
1225 2519 1736 2602 redarguit-Apo-

167 2635 361 2699 stolus
370 2658 386 2713 3
407 2629 630 2694 deinde
655 2626 912 2688 cuilibet
931 2625 1258 2685 hominum
1283 2621 1489 2704 generi
1514 2617 1618 2680 dat
1638 2618 1734 2677 vi-

161 2747 243 2796 tae
283 2745 344 2793 et
376 2749 623 2791 morum
653 2725 1050 2806 documenta.

231 2846 387 2906 Haee
426 2841 736 2926 Epistola,
775 2835 981 2921 quoad
1020 2833 1346 2897 materiam
1381 2842 1442 2892 et
1473 2837 1730 2889 senten-
