1806 3164
154 105 173 136 ι
184 84 250 136 62
602 98 861 136 EPlsTOLAE
898 98 968 135 An
1009 99 1251 137 EPuEslos

150 190 256 239 erga
272 169 528 223 Ecclesiam
549 190 561 221 ε
581 189 699 223 uxor
716 178 830 224 verb
849 170 1104 224 Ecclesiam
1134 188 1319 241 semper
1335 171 1478 226 habet
1493 203 1498 212 =
1512 175 1560 233 in
1577 191 1716 249 Q*

147 259 197 302 te
211 288 225 314 ‚
252 258 301 301 ut
326 253 425 302 viro
448 267 531 300 suo
551 253 608 301 sit
630 250 836 315 subdita,
864 254 978 302 sicut
993 249 1201 303 Ecclesia
1222 248 1436 304 Christo!

219 398 526 449 corollarium
549 400 740 464 pietatis
753 434 771 460 ,
818 418 897 449 seu
934 401 983 449 in
1008 401 1098 449 hoc
1124 394 1289 465 Capite
1311 400 1370 469 5,
1389 402 1458 451 od
1492 403 1714 466 pietatem

297 528 300 531 ,
377 478 588 526 maxim&
619 478 859 531 notanda,
902 487 948 526 ει
974 478 1043 527 ad
1059 481 1255 543 praxim
1275 469 1542 544 redfssenda.

853 624 1021 671 nmmo.

158 759 263 853 ΑΒ
284 798 510 868 Apostolo
527 801 752 854 discamus
774 819 937 852 omnes
961 800 1223 853 charitatem
1239 804 1350 852 vere
1365 799 1673 852 christianam.

228 877 535 942 Christianus,
554 883 657 948 qui-a
677 878 767 931 Dei
790 880 933 943 filius,
957 877 1047 931 Dei
1075 880 1211 944 patris
1235 879 1304 928 sui
1328 877 1596 936 charitatem
1626 876 1721 928 de·

156 958 238 1007 bet
257 958 421 1005 imitari
445 975 455 1005 :
479 957 594 1006 sicut
623 974 730 1022 ergo
749 954 877 1006 Deus
899 964 1016 1006 totus
1042 963 1087 1005 et
1108 970 1290 1020 semper
1323 951 1513 1004 charitas
1534 960 1632 1016 est,
1658 955 1720 1008 ita

158 1029 443 1083 Christianus
458 1070 472 1096 ‚
497 1033 670 1084 divinae
688 1031 935 1083 'eharitatis
959 1037 1203 1101 particeps,
1224 1035 1273 1082 in
1294 1030 1510 1083 charitate
1538 1047 1722 1098 semper

158 1112 360 1162 ambulet
382 1119 426 1162 et
452 1113 510 1161 ab
533 1129 584 1162 ea
607 1129 838 1178 nunquam
864 1112 1042 1162 deficiat.
1063 1110 1250 1161 :fratres
1273 1126 1380 1159 suos
1407 1125 1591 1174 semper
1608 1108 1722 1159 dili-

157 1197 258 1261 get,
285 1187 354 1253 ᾖ.
384 1209 429 1239 1.

226 1267 532 1332 Christianus,
559 1272 661 1336 quia
681 1266 851 1320 Christi
876 1271 1136 1321 membrum
1152 1277 1196 1320 et
1211 1272 1338 1336 quasi
1359 1265 1568 1336 Christus
1592 1267 1720 1332 aiter,

160 1343 330 1397 Christi
351 1346 613 1398 charitatem
650 1348 791 1398 debet
822 1350 1014 1409 imitari,
1043 1347 1201 1398 fratres
1234 1363 1341 1406 suos
1362 1345 1505 1409 dehet
1539 1344 1726 1412 diligere

159 1428 276 1477 sicut
299 1423 503 1475 Christus
527 1426 684 1476 dilexit
706 1443 791 1475 nos
813 1445 825 1475 :
852 1428 964 1475 sicut
986 1442 1094 1490 ergo
1118 1421 1326 1488 Christus
1352 1424 1413 1474 ita
1436 1440 1522 1478 nos
1545 1421 1721 1486 dilexit,

158 1512 210 1571 ut
227 1507 524 1571 semetipsum
544 1499 661 1554 Deo
683 1522 765 1569 pro
785 1504 920 1553 nobis
933 1503 1147 1554 obtuterit
1165 1502 1224 1552 ad
1241 1509 1456 1561 mortem;
1480 1503 1548 1552 sic
1567 1496 1725 1557 Chris-

160 1588 311 1653 tianus
331 1583 488 1636 fratres
506 1603 612 1636 suos
633 1588 693 1635 ita
714 1585 893 1652 diligat,
918 1593 1027 1637 utet
1050 1602 1132 1651 pro
1153 1586 1244 1647 eis,
1271 1586 1310 1634 si
1335 1599 1455 1652 opus
1471 1584 1563 1646 sit,
1586 1584 1726 1644 vitam

160 1663 414 1728 impendat.

232 1741 352 1806 Haec
375 1743 465 1792 duo
488 1759 501 1788 ε
530 1739 621 1791 Dei
645 1740 862 1801 charitas,
887 1737 1056 1790 Christi
1093 1739 1312 1799 charitas,
1342 1746 1448 1789 sunt
1470 1754 1587 1795 meae
1609 1737 1727 1788 cha-

159 1819 304 1883 ritatis
344 1816 647 1883 exemplaria3
681 1833 770 1866 nec
802 1817 976 1866 minora
997 1813 1112 1865 mihi
1136 1815 1312 1880 praebet
1339 1809 1592 1880 Apostolus
1610 1814 1728 1875 ἰωξι·

164 1899 319 1951 tanda.

233 1973 281 2025 O
301 1973 435 2024 Deus
457 1972 675 2022 charitas!
703 1979 750 2021 tu
774 1979 819 2022 te
841 1969 967 2021 cordi
987 1987 1091 2020 meo
1112 1971 1321 2035 imprime
1341 1968 1432 2029 :da
1446 1966 1560 2026 mihi
1580 1963 1730 2027 clm&

164 2060 307 2115 tatem
324 2072 335 2109 ;
361 2051 481 2102 iliam
497 2051 636 2110 novi,
657 2049 775 2098 illam
797 2047 1220 2101 desideretutinam
1238 2054 1284 2096 et
1298 2041 1728 2103 tandemsshabeami

234 2129 282 2182 O
309 2128 477 2181 Christi
497 2129 715 2178 charitas!
745 2128 831 2184 tuis
870 2124 1105 2183 ardoribus
1119 2141 1200 2177 ure
1217 2141 1295 2174 cor
1318 2138 1475 2183 meum
1489 2139 1517 2181 ς,
1533 2118 1591 2177 da
1612 2117 1729 2173 mihi

167 2211 236 2260 sie
259 2208 474 2274 diligere,
499 2215 548 2258 ut
579 2205 636 2255 ad
663 2203 725 2255 tui
747 2202 1012 2268 exemplum
1045 2209 1222 2268 paratus
1248 2203 1335 2260 sim
1360 2199 1628 2264 sanguinem
1641 2211 1732 2269 pro

164 2282 376 2337 fratribus
393 2281 585 2346 fundere
603 2283 615 2331 i

818 2430 1068 2480 stctmnb.

235 2579 316 2635 Ab
343 2581 512 2633 eodem
542 2576 770 2647 Apostolo
794 2579 1018 2634 discamus
1058 2581 1225 2642 quanta
1247 2573 1414 2630 dehent
1434 2583 1538 2621 esse
1570 2575 1739 2625 'nostra>

232 2667 355 2716 ritas.

167 2683 519 2794 PuChristianus
536 2775 551 2802 ‚
579 2739 683 2805 quia
703 2734 873 2788 Christi
896 2736 1157 2787 membrum
1178 2727 1442 2802 Christique
1461 2725 1735 2801 mmuh&

167 2819 364 2872 mundus
391 2825 511 2867 totus
531 2853 547 2878 ‚
569 2813 707 2864 corde
729 2851 742 2876 ,
760 2829 952 2883 corpore
970 2850 985 2876 ‚
1010 2828 1090 2862 ore
1105 2846 1121 2873 ‚
1138 2815 1313 2862 mente.

237 2893 332 2951 Cor
357 2899 416 2950 sit
435 2897 493 2947 ab
519 2895 645 2945 omni
682 2891 867 2943 avaritia
889 2889 1138 2954 mundum,
1154 2903 1322 2964 *corpus
1340 2884 1398 2937 ab
1421 2882 1549 2943 omui
1568 2881 1731 2947 impu-
