1806 3164
0 0 48 114 ξ’
412 75 632 115 mm
663 75 949 138 exposta-10.
987 56 1106 128 Cap.
1139 62 1240 115 IV.
1537 60 1606 132 9⁵

0 116 7 139 i

0 139 12 202 ἶ
108 146 521 222 Equideamffispar
538 150 641 203 data
651 158 726 201 est
747 152 988 216 unicuique
1001 154 1168 217 gratia:
1200 148 1284 202 sed
1302 148 1413 202 ‘haec
1433 150 1606 219 dispa-

44 234 151 284 ritas
173 234 331 284 unitati
353 229 476 298 pacis
495 247 592 280 non
614 230 751 280 debet
771 231 952 289 obstare
967 267 981 292 ,
1006 233 1110 297 quia
1128 233 1372 297 unicuique
1394 232 1602 283 nostrum

4 332 6 336 ’
47 310 150 362 data
184 318 251 361 est
277 313 415 376 gratis
455 325 551 358 non
575 325 635 358 ex
661 310 824 358 merito
864 316 1022 357 nostro
1043 345 1056 371 ,
1089 326 1178 358 nec
1216 326 1298 373 pro
1338 310 1606 359 meritorum

45 396 302 439 nostrorum
324 386 558 444 mensur&

111 462 207 517 Sed
244 483 326 532 pro
359 466 591 515 voluntate
620 461 821 524 Christi,
846 465 916 513 cui
955 464 1116 528 placuit
1137 464 1256 514 hanc
1277 463 1384 514 huic
1418 468 1607 530 gratiam

11 545 16 547 ’
46 542 155 594 dare
170 579 183 604 ‚
206 543 325 593 illam
343 542 576 592 illizdebet
599 557 707 604 ergo
730 542 919 606 quisque
940 542 987 589 in
1003 538 1094 590 Dei
1111 541 1340 590 voluntate
1355 543 1608 604 quiescere.

111 611 196 667 Ad
211 615 329 666 hanc
346 617 579 680 gratuitam
606 613 832 663 donorum
869 614 1235 665 distributionem
1275 614 1557 683 probandam
1585 652 1599 677 ,

115 691 241 747 Dicit
258 691 435 759 Regius
458 689 636 742 Psaltes
656 710 670 738 t

115 767 389 827 &centiens
411 763 623 819 Christus
646 770 692 818 in
716 767 878 818 coeIum
900 804 915 829 ‚

114 837 304 915 Etbilluc
317 863 471 897 secum
495 846 665 895 ducens
692 847 864 894 animas
886 850 1143 894 sanctorum
1161 880 1174 905 ‚
1206 852 1338 895 antea
1375 846 1423 894 in
1461 844 1605 896 limbo

50 932 267 996 captivam,

114 1004 315 1071 Sumpsit
337 1008 363 1054 a
387 1002 524 1055 Patre
547 1003 666 1052 dona
690 1021 788 1069 quae
813 1003 1055 1053 transmisit
1069 1001 1333 1051 hominibus
1354 1005 1400 1052 in
1420 1010 1607 1055 terram.

117 1081 260 1146 Qubd
283 1090 432 1133 autem
455 1080 659 1132 Christus
681 1085 728 1131 in
752 1082 914 1131 eoelum
935 1081 1139 1131 ascendit
1158 1117 1173 1141 ‚
1202 1090 1250 1130 ut
1271 1083 1331 1131 ait
1351 1078 1602 1148 Propheta,

116 1157 243 1223 Quid
275 1160 366 1210 hoc
389 1162 475 1210 sibi
496 1161 587 1210 vult
606 1197 619 1219 ‚
645 1163 731 1209 nisi
772 1161 895 1225 qubd
916 1158 1123 1211 Christus
1158 1161 1248 1223 jam
1272 1164 1376 1210 ante
1403 1159 1609 1210 descen-

47 1238 163 1289 derit
188 1241 235 1287 in
260 1237 493 1289 inferiores
517 1246 561 1288 et
590 1238 765 1287 infimas
790 1247 937 1304 partes
958 1239 1124 1288 terrae?

111 1329 193 1380 Ille
213 1329 333 1378 soius
360 1334 385 1378 e
408 1331 529 1379 coelis
555 1329 834 1381 descendere
871 1334 1048 1394 potuit,
1071 1333 1147 1395 qui
1180 1339 1274 1381 erat
1302 1333 1347 1379 in
1377 1330 1498 1380 coelis
1517 1367 1531 1391 ‚
1559 1331 1610 1381 id

45 1415 147 1470 est,
175 1408 296 1457 solus
319 1404 459 1457 Filius
487 1404 575 1455 Dei
600 1426 611 1455 :
633 1410 732 1473 ipse
752 1425 860 1472 ergo
882 1409 1005 1459 idern
1031 1417 1098 1458 est
1117 1417 1164 1458 et
1186 1411 1262 1475 qui
1298 1409 1536 1459 descendit
1559 1412 1609 1460 in

45 1487 225 1539 infimas
245 1495 375 1538 terra
395 1494 562 1552 partes»,

114 1561 176 1614 Et
202 1567 277 1628 qui
294 1563 499 1614 ascendit
519 1579 654 1626 super
675 1579 836 1613 omnes
865 1562 1028 1627 coe105,
1046 1564 1097 1614 id
1118 1573 1215 1625 est,
1255 1567 1303 1615 in
1334 1581 1602 1630 supremum

47 1644 208 1696 coelum
230 1635 610 1708 et‘dignissimum
632 1647 678 1692 in
702 1662 757 1694 eo
783 1645 931 1693 locum
953 1663 967 1704 ς

117 1719 184 1771 Ut
199 1721 404 1786 impleret
430 1723 581 1770 omnia
600 1723 802 1771 universi
826 1721 922 1771 loca
940 1724 1174 1784 majestate
1196 1730 1240 1772 et
1262 1720 1400 1787 gloria
1427 1720 1522 1774 sud.

113 1816 279 1869 Redeo
298 1820 355 1868 ad
378 1819 425 1869 id
449 1819 570 1886 quod
595 1837 726 1884 supra
759 1818 823 1881 JV.
850 1838 895 1886 7.
917 1819 1068 1868 dicere
1093 1821 1210 1886 coepi
1235 1838 1246 1868 ε
1277 1816 1488 1868 Christus
1527 1836 1607 1884 pro

48 1893 129 1945 sua
143 1896 402 1964 voluntate,
430 1898 553 1944 varia
582 1893 670 1945 Dei
704 1893 824 1944 dona
867 1896 991 1945 dedit
1022 1895 1286 1945 hominibus
1310 1913 1321 1943 :
1363 1896 1460 1959 ipse
1486 1896 1611 1944 enim

51 1967 271 2040 quosdam
305 1975 428 2024 dedit
449 1972 664 2024 Ecclesiae
683 2011 696 2034 .,
724 1984 771 2024 ut
791 1972 1149 2040 sintApost0115

105 2046 263 2112 Atros,
274 2058 326 2099 ut
339 2051 428 2099 sint
443 2048 678 2116 prophetae
706 2071 716 2107 ;

117 2122 268 2185 Alios,
290 2134 342 2175 ‘ut
365 2128 455 2176 sint
477 2125 766 2190 evangelistae
785 2143 798 2183 ς

102 2196 439 2261 &limantem
463 2208 512 2249 ut
536 2203 628 2250 sint
644 2209 848 2266 pastores
877 2207 923 2250 et
944 2198 1174 2251 doctores-

120 2291 330 2360 Haecque
358 2295 476 2346 dona
510 2295 636 2347 Deus
657 2297 864 2347 fidelibus
894 2297 1048 2358 dedit,
1075 2305 1123 2347 ut
1147 2299 1455 2362 unusquisque
1494 2295 1611 2348 ilio-

51 2385 151 2420 rum
171 2405 186 2430 ‚
226 2389 304 2420 seu
333 2369 599 2436 Apostolus,
623 2392 702 2424 seu
724 2374 964 2440 propheta,
993 2391 1097 2436 seu,
1121 2383 1232 2438 etc.‚
1256 2379 1438 2424 strenue
1465 2383 1509 2425 et
1530 2392 1612 2425 as-

53 2447 181 2497 sidue
200 2451 500 2500 ministerium
526 2454 613 2502 sibi
641 2453 861 2502 creditum
881 2461 1092 2503 exerceat
1115 2471 1128 2512 ;

118 2522 300 2592 Suzique
331 2527 454 2577 fideli
493 2529 876 2581 administratione
916 2533 1166 2596 mysticum
1195 2527 1365 2580 Christi
1411 2548 1604 2598 corpus,

0 2649 1 2653 ,
52 2598 333 2667 Ecclesiam,
355 2605 594 2655 aedificium
605 2608 848 2672 spirituale,
866 2615 1160 2671 promoveat3
1181 2615 1230 2655 ut
1248 2608 1459 2656 universa
1473 2625 1610 2657 sanc·

6 2727 7 2731 ,
52 2684 201 2728 torum
240 2683 429 2730 societas
477 2691 786 2732 consummata
812 2719 825 2745 ‚
872 2690 962 2733 tarn
1002 2686 1051 2735 in
1099 2686 1337 2744 moribus,
1382 2687 1517 2749 quarn
1558 2687 1612 2736 in

24 2794 35 2802 .
53 2756 239 2805 scientia
257 2753 347 2805 Dei
367 2758 592 2808 reddatur.

112 2848 241 2902 diac·
274 2860 431 2904 entem
469 2856 599 2905 *varia
629 2855 885 2910 ministeria
928 2830 1152 2910 durabunt
1184 2859 1481 2925 ‘quoadusque
1519 2875 1607 2910 uos
