1806 3164
432 96 658 153 ramum
690 95 988 139 Exposrrlo.
1029 83 1148 154 Cap.
1185 83 1286 135 IV.
1533 107 1554 138 1
1569 108 1589 142 1
1603 106 1628 142 1

18 165 96 189 ⁴³
116 170 309 248 'Hunc
306 179 491 249 sensum
511 175 709 242 explicat
735 175 923 240 quidem
942 173 1004 226 D.
1032 170 1329 240 Augustinus
1341 171 1457 225 libro
1480 192 1543 226 22
1570 177 1632 230 de

72 250 214 316 (fivst
237 244 359 320 Del,
373 234 483 321 &ip-
508 251 600 310 1¹53
629 249 714 300 sed
737 253 964 315 priorem,
992 267 1131 315 quern
1154 248 1391 300 litteralem
1410 250 1629 316 diximus,

0 299 29 386 l
73 337 289 431 prefert„
316 341 366 406 et
389 333 498 411 sane
527 344 686 378 versus
709 343 907 392 sequens
931 325 1269 393 praeferendum
1291 324 1478 377 indicat.
1501 325 1633 382 Vide

72 399 301 466 Binum
328 421 329 424 ’
365 422 367 424 “

0 494 6 505 “
141 489 291 543 Porro
315 487 432 556 male
461 502 521 535 ex
553 482 645 537 hoc
671 481 772 532 loco
793 482 928 547 aliqui
958 481 1197 531 voluerunt
1225 481 1390 532 inferre
1414 481 1632 548 feminas,

76 561 271 636 excepta
290 552 424 619 beata
448 552 641 628 Virgine
669 553 894 625 Deipara,
931 563 977 610 in
1002 578 1115 611 sexu
1136 560 1254 611 virili
1279 571 1629 626 resurrecturas,

73 651 196 700 inter
217 663 384 731 ‘ll-¹⁰3,
354 641 557 718 'lyrinus
577 647 784 688 recenset
801 637 863 688 D.
890 635 1128 699 Basilium‚
1152 635 1395 699 Hilarium,
1422 634 1633 688 Athana·

77 726 225 775 stain:
213 701 384 772 ·irile'r
383 708 676 768 scholasticos
700 719 859 767 citatur
879 713 1081 766 Scotus
1068 735 1094 764 a
1119 712 1372 766 Cornelio
1358 735 1383 764 a
1404 713 1601 784 Lapide.

145 799 240 851 Sed
254 798 345 868 ιιοιι
355 797 560 867 rejicitur
577 795 702 860 quasi
723 810 985 856 erroneum,
1006 795 1118 842 sicut
1130 795 1241 842 ratio
1267 789 1407 842 Sc0to
1423 784 1635 844 attributa

77 859 245 930 flicenti
262 877 425 937 sexum]
442 873 693 938 femineum
711 889 810 922 esse
832 880 1002 922 naturae
1019 874 1196 932 vitium,
1223 888 1303 921 seu
1325 871 1638 937 imperfectio-

76 974 217 1007 nem:
241 953 311 1004 est'
328 955 452 1003 enim
468 951 676 1000 naturalis
694 950 925 1015 perfectio,
954 953 1210 1016 quanquam
1233 952 1382 1000 minor
1403 954 1537 1016 quam
1556 953 1634 1001 vi·

77 1031 312 1094 tilis.Yide
325 1026 585 1080 Cornelium
611 1029 638 1074 ἐι
661 1021 853 1090 Lapide.

96 1152 107 1155 ,
147 1103 215 1174 ψ.
238 1094 322 1170 ιζ..
353 1108 418 1156 Ut
431 1106 543 1171 jam
571 1107 666 1153 non*
687 1106 899 1153 simus....
930 1101 1015 1154 Gr.
1042 1112 1090 1154 ut
1117 1121 1211 1154 non
1233 1105 1424 1170 amplius
1456 1107 1598 1154 simus
1621 1123 1636 1153 t

78 1180 145 1241 D.
167 1181 522 1261 chrysostomus
543 1194 588 1235 et
603 1181 945 1244 Theodoretus,
971 1187 1055 1233 ut
1045 1202 1133 1248 Jam
1155 1202 1249 1233 non
1272 1188 1410 1235 simus
1431 1183 1640 1251 amplius.

148 1256 309 1329 Altera
334 1284 463 1333 causa
499 1282 575 1314 cur
599 1266 688 1313 sint
714 1266 989 1326 ministeria,
1016 1280 1095 1312 seu
1123 1263 1282 1314 clarior
1310 1273 1354 1315 et
1380 1263 1521 1314 fusior
1550 1281 1641 1313 ex-

79 1341 262 1408 plicatio
286 1344 432 1389 causae
453 1330 771 1402 praecedentis.

157 1412 263 1464 Ut
229 1435 360 1480 Jam,
383 1418 487 1464 cum
510 1413 679 1462 scilicet
698 1413 756 1461 ad
777 1414 895 1461 illam
913 1412 1244 1477 perfectionem
1259 1415 1454 1476 virilem,
1480 1415 1536 1464 de
1556 1431 1644 1480 qua

80 1495 130 1543 in
154 1501 287 1542 versu
314 1486 616 1555 praecedente,
650 1491 1009 1553 pervenerimus,
1044 1509 1136 1539 non
1164 1506 1309 1540 szmus
1330 1492 1526 1556 paruuli.
1553 1489 1642 1543 Gr.

82 1569 227 1657 pueri.
247 1565 356 1633 Syr.
381 1563 573 1631 pueruli,
588 1563 899 1629 fluctzcanleS,
926 1565 972 1613 id
998 1574 1081 1627 est,
1108 1566 1233 1616 leves
1259 1574 1304 1615 et
1332 1570 1641 1617 inconstantes

83 1646 132 1693 in
160 1636 270 1693 fide.
343 1650 347 1654 ’

15 1784 19 1786 ῃ
150 1716 405 1785 Puerorum
427 1719 605 1791 propria
618 1713 697 1766 est
719 1717 876 1766 levitas
897 1726 942 1767 et
962 1719 1188 1768 mobilitas
1210 1720 1368 1782 animi,
1384 1721 1479 1770 ob
1468 1738 1643 1786 imper-

80 1797 250 1848 fectum
265 1796 498 1858 judicium,
516 1796 718 1859 ipsisque
736 1794 917 1858 quidvis
938 1797 1164 1846 suadetur.

150 1877 215 1925 Et
253 1872 684 1938 circumferamur...
726 1869 808 1921 Gr.
839 1874 1118 1935 circumlati,
1149 1876 1436 1937 circumacti,
1480 1879 1643 1942 quovis

81 1953 301 2003 doctrinae
327 1959 485 2008 vento,
512 1952 623 1998 sicut
650 1951 778 1997 navis
811 1950 929 1999 inter
955 1949 1114 2000 fluetus
1143 1959 1188 2000 et
1212 1959 1376 2000 ventos
1401 1954 1643 2019 circumagi

83 2030 217 2080 solet.
273 2041 300 2069 ι’

151 2097 226 2169 ζιι
248 2098 468 2176 nequitia.
496 2095 580 2148 Gr.
628 2095 672 2145 ἐν
711 2094 774 2147 ‘rii'
805 2094 999 2153 κυὲείσι,
1033 2103 1079 2150 ιιι
1110 2097 1238 2162 alea,
1294 2101 1547 2167 aleatione,
1594 2103 1645 2153 id

83 2182 174 2243 est,
201 2179 441 2243 inrsallacia
465 2177 734 2228 aleatoribus
754 2178 933 2228 usitata.

150 2255 382 2324 Nequitia.
409 2254 492 2308 Gr.
531 2252 730 2314 κυζείοι;
761 2253 990 2302 κυζευίσιι
1020 2256 1226 2308 dicuntur
1269 2261 1348 2323 qui
1367 2258 1462 2307 talis
1495 2247 1645 2308 utun-

83 2343 174 2385 tur.
188 2334 234 2384 T
238 2327 330 2384 ales
361 2345 464 2385 sunt
488 2338 563 2399 qui
588 2344 692 2384 sunt.
715 2333 824 2384 vafri
853 2343 898 2384 et
925 2337 1076 2397 astuti,
1106 2344 1346 2403 postquam
1372 2344 1646 2400 acceperunt

84 2410 410 2476 simpliciores:
454 2411 515 2458 illi
553 2413 677 2459 enim
717 2413 870 2459 omnia
908 2418 1210 2474 transponunt
1247 2418 1293 2459 et
1334 2409 1643 2460 transferunt:

82 2486 149 2540 D.
174 2486 566 2557 Chrysostomus.

153 2564 351 2635 Cybiam
376 2573 511 2618 vocat
530 2568 771 2617 versutiam
791 2584 872 2617 seu
891 2566 1195 2624 calliditatem,
1218 2566 1279 2614 ait
1295 2562 1645 2615 Theodoretus.

151 2643 342 2695 Nomen
373 2653 442 2695 est
468 2644 712 2694 deductum
736 2649 761 2693 a
788 2645 933 2694 verbo
960 2642 1082 2709 quod
1116 2642 1338 2706 significat
1359 2641 1517 2692 ludere
1539 2649 1644 2691 tes-

87 2720 200 2769 seris
223 2735 303 2768 seu
328 2721 447 2785 talis,
473 2722 532 2771 ait
571 2720 695 2770 idern
715 2717 1062 2782 Theodoretus,
1090 2721 1191 2784 quia
1215 2721 1448 2784 proprium
1469 2726 1540 2768 est
1564 2727 1645 2770 ta-

0 2831 1 2834 ,
85 2793 184 2844 liter
203 2793 451 2844 ludentium
473 2796 664 2859 calculos
694 2795 785 2845 huc
807 2803 854 2846 et
879 2795 981 2844 illuc
1005 2792 1243 2843 transferre
1259 2831 1273 2857 ,
1299 2792 1437 2857 idque
1465 2792 1648 2842 callide.

152 2868 528 2937 Theophylactus
548 2870 612 2925 D.
637 2869 1022 2940 chrysostomum
1046 2888 1128 2921 suo
1157 2888 1284 2922 more
1307 2876 1516 2920 secutus:
1541 2865 1644 2932 Cy*
