1794 3178
1273 71 1294 81 α

466 134 693 172 'ramex
724 133 1017 170 Exposnwo.
1055 117 1173 183 Cap.
1210 119 1256 170 I.
1614 119 1648 171 3

492 392 762 450 CAPUT
799 392 1149 448 PRIMUM.

698 565 1035 630 paraphrasis.

89 705 381 825 PAULUS,
413 759 505 812 Dei
530 761 789 811 auctoritate
813 769 858 810 et
883 755 1008 823 jussu
1030 796 1042 820 ,
1068 777 1162 809 non
1184 759 1430 809 hominum
1467 758 1660 825 delega-

90 845 239 901 tione,
263 858 352 891 nec
387 842 597 891 arbitratu
619 856 759 902 meo,
785 848 1040 904 assumptus
1074 836 1351 904 Aposto'us,
1380 858 1459 891 seu
1484 842 1659 908 legatus

92 914 210 972 Jesu
233 915 434 969 Christi:

163 994 398 1046 Omnibus
436 991 705 1045 Christianis
742 995 947 1058 quisunt
974 990 1178 1058 Ephesi,
1205 996 1347 1059 etqui
1373 993 1566 1051 fideliter
1614 997 1666 1044 in

95 1068 280 1124 Christo
303 1068 412 1122 Jesu
439 1078 758 1135 perseverant.

163 1147 320 1202 Gratia
362 1160 406 1201 et
435 1167 524 1214 pax
561 1151 694 1199 vobis
739 1148 869 1198 detur
893 1156 938 1198 et
960 1147 1279 1214 multiplicetur
1310 1151 1335 1196 ὲ
1381 1144 1484 1197 Deo
1526 1144 1672 1197 Patre

95 1237 254 1280 nostro
271 1266 285 1292 ,
307 1238 350 1278 et
372 1232 397 1277 ὲ
430 1227 632 1278 Domino
655 1223 817 1277 nostro
835 1222 947 1275 Jesu
975 1223 1174 1274 Christo.

167 1325 237 1379 Sit
257 1329 304 1376 in
329 1335 550 1376 aeternum
571 1325 838 1375 benedictus
859 1333 903 1373 et
921 1324 1117 1373 laudatus
1128 1322 1260 1373 Deus
1277 1321 1469 1375 etPater
1480 1320 1680 1375 Domini

100 1410 243 1458 nostri
265 1401 379 1456 Jesu
405 1403 603 1467 Christi,
627 1408 702 1469 qui
721 1422 806 1453 nos
823 1407 867 1452 in
892 1401 1074 1452 Christo
1093 1442 1105 1463 ,
1136 1413 1180 1454 et
1207 1414 1390 1470 propter
1411 1402 1681 1466 Christum,

107 1486 234 1536 omni
272 1482 514 1532 cumulavit
549 1482 872 1531 benedictione
895 1517 911 1540 ,
928 1500 1053 1531 —non
1088 1483 1250 1532 carnali
1274 1520 1284 1540 ,
1311 1483 1392 1532 sed
1418 1482 1632 1549 spirituali
1658 1502 1686 1541 3-

106 1578 201 1611 non
221 1557 397 1609 terren&
414 1597 427 1620 ,
449 1558 530 1608 sed
553 1558 722 1608 coetesti
744 1596 756 1617 ‚
793 1567 836 1608 et
860 1561 905 1607 in
929 1559 1193 1609 coeiestibus
1213 1559 1521 1627 adimplendzi.

173 1635 303 1700 Nos,
343 1639 558 1702 inquam,
592 1637 915 1687 benedictione
958 1639 1201 1687 cumulavit
1223 1642 1270 1687 in
1310 1649 1516 1703 tempore
1533 1674 1545 1698 ,
1589 1655 1680 1688 se·-

111 1715 309 1765 cundiim
329 1714 452 1779 quod
469 1717 630 1764 intuitu
650 1717 914 1764 meritorum
937 1712 1107 1765 Christi
1129 1716 1262 1781 elegit
1297 1734 1382 1767 nos
1400 1725 1504 1766 ante
1519 1714 1681 1764 mundi

112 1794 386 1842 creationem
405 1811 417 1847 ς

179 1866 244 1918 Ut
266 1886 347 1933 per
374 1866 636 1916 charitatem
660 1883 861 1915 essemus
880 1869 1022 1916 sancti
1062 1876 1107 1917 et
1130 1867 1378 1934 inculpati,
1405 1885 1501 1918 non
1533 1866 1694 1917 solinn-

76 1977 78 1980 >
114 1961 266 1993 coram
283 1943 547 1992 hominibus
564 1978 576 2001 ,
605 1950 790 1992 externa
811 1947 986 1992 tantiim
1016 1944 1275 1994 videntibus
1301 1963 1314 2001 .·‚

183 2017 284 2071 Sed
307 2030 349 2070 et
372 2029 475 2068 ante
504 2023 650 2085 ipsum
671 2017 826 2069 Deum
845 2057 857 2081 ,
882 2038 958 2069 cor
983 2030 1024 2070 et
1049 2026 1251 2071 animum
1278 2026 1558 2074 intuentem.

185 2086 279 2151 Qui
314 2088 656 2153 praedestinavit
698 2106 814 2145 nos,
861 2096 909 2137 ut
946 2107 1147 2138 essemus
1190 2091 1300 2139 illius
1334 2092 1536 2157 adoptivi
1570 2091 1686 2150 filiu*

116 2182 211 2216 non
231 2170 397 2216 nostris
429 2168 624 2226 meritis,
653 2166 734 2215 sed
766 2169 927 2216 intuitu
948 2170 1212 2217 meritorum
1236 2165 1351 2217 Jesu
1378 2167 1575 2231 Christi,
1615 2171 1691 2219 sui-

116 2245 327 2296 naturaiis
346 2245 445 2306 filii,
467 2253 511 2294 et
532 2262 612 2309 pro
630 2246 755 2293 bono
776 2244 939 2295 affectu
968 2246 1208 2295 voluntatis
1227 2264 1320 2296 suae
1346 2271 1359 2308 ;

187 2340 262 2395 Ut
287 2347 378 2395 taus
404 2355 451 2395 et
493 2347 629 2411 gioria
671 2347 798 2397 detur
836 2351 973 2412 ipsius
998 2352 1175 2413 gratiae,
1218 2369 1300 2416 per
1333 2369 1466 2416 quam
1490 2369 1574 2402 nos
1599 2352 1690 2402 sibi

120 2433 267 2490 gratos
290 2423 473 2486 effecit,
500 2435 545 2475 et
568 2425 728 2476 charos
754 2429 801 2475 in
826 2427 989 2476 dilecto
1016 2425 1133 2478 Filio
1155 2446 1252 2478 suo,

189 2520 246 2572 In
266 2541 356 2589 qno
375 2560 388 2583 ‚
427 2541 507 2588 per
534 2527 798 2589 sanguinem
815 2561 827 2584 ,
847 2525 1000 2576 sinit-et
1023 2527 1192 2591 ipsius,
1216 2529 1465 2592 reperimus
1479 2528 1687 2593 redemp-

120 2599 327 2660 tionem,
370 2602 896 2663 nimiriim'peccatorum
931 2611 1190 2653 nostrorum
1214 2607 1567 2667 remissionem,
1600 2621 1686 2654 se·-

121 2676 319 2726 'cundilm
343 2676 521 2727 divitias
543 2679 920 2728 etabundantIam
945 2683 1098 2745 graliae
1115 2683 1227 2744 ejus.

111 2818 113 2822 .
193 2777 311 2842 Quae
329 2783 465 2843 gratia
493 2783 676 2846 copiose
702 2791 747 2832 et
763 2784 944 2834 abunde
967 2788 992 2834 ὲ
1020 2783 1158 2836 Deo
1148 2803 1192 2835 1n
1214 2804 1377 2836 omnes
1410 2787 1620 2853 quidem
1615 2788 1687 2838 fi-··
1716 2755 1732 2769 θ

125 2853 250 2904 deles
278 2854 419 2905 effusa
445 2865 541 2915 est,
589 2866 633 2907 at
657 2862 936 2923 praesertim
924 2880 970 2910 m
983 2881 1067 2912 nos
1090 2862 1372 2929 Apostolos,
1399 2882 1510 2931 quos
1541 2868 1679 2917 etiam

125 2932 250 2981 omni
272 2929 489 2997 sapientia
508 2941 552 2983 et
577 2934 818 2999 prudentia
836 2938 1062 3002 replevit:
