1800 3158
515 79 728 121 πωπω(
754 64 1046 132 Εκξοειτιοζ
1076 67 1194 133 Cap.
1232 67 1279 119 1.
1553 65 1654 134 407

99 157 148 205 in
169 158 380 210 omnibus
401 157 494 207 suis
515 155 715 222 epistolis
735 158 906 222 peragit
929 163 974 206 et
989 155 1155 206 docet:
1179 152 1287 205 Deo
1309 155 1470 220 gratias
1489 149 1648 219 egem,

100 232 238 283 simul
273 242 320 284 et
350 230 506 284 Deum
527 249 675 284 orans,
907 280 909 282 .

170 307 392 376 Hincque
421 310 547 361 disce
570 311 660 360 duo
687 309 946 375 frequenter
967 319 1012 360 et
1041 313 1163 378 quasi
1189 312 1404 360 continue
1422 308 1651 371 facienda,

101 383 208 439 Deo
229 387 397 438 scilicet
435 405 508 452 gra
627 404 759 452 agere
775 423 789 448 ‚
826 383 1070 452 Deumque
1107 388 1354 454 deprecari.
1376 385 1471 452 Ipsi
1494 389 1655 451 gratias

101 480 237 530 agere
272 467 333 516 ob
366 474 434 516 tot
457 389 639 532 acrzta
661 466 915 526 beneficia,
945 468 1302 517 misericordiam
1339 467 1436 528 ejus
1471 482 1653 532 semper

102 542 343 607 implorare
363 544 425 595 ob
446 542 756 593 indesinentes
785 545 987 593 miserias
1005 551 1194 594 nostras.
1215 541 1336 595 Vide
1359 541 1428 606 Jff.
1452 561 1500 592 2.

771 674 1020 721 sacunino.

169 795 293 851 Nota
317 790 378 848 3⁵.
394 795 442 848 3.
464 801 546 847 tria
568 799 807 848 virtutibus
824 797 1093 862 theologicis
1112 798 1321 847 attributa
1341 791 1542 862 epitheta
1557 834 1571 860 ,
1593 797 1654 846 fi-

104 875 435 938 desvoperatrix
457 911 469 935 ,
495 874 686 924 charitas
711 875 955 934 laboriosa,
987 891 1091 938 spes
1113 875 1356 923 sustinens.
1667 923 1673 926 .

172 949 392 1016 Hincque
429 955 476 1001 in
508 961 553 1003 te
587 952 814 1015 reflexus,
855 953 1038 1003 attende
1074 970 1186 1002 num
1219 952 1291 1003 hae
1321 954 1510 1004 virtutes
1531 952 1651 1003 tales

105 1030 193 1078 sint
218 1030 265 1078 in
290 1037 351 1079 te.

170 1101 407 1154 Erubesce
434 1106 496 1153 ob
525 1108 813 1169 praeteritum.

169 1177 229 1229 In
259 1189 491 1245 posterum
516 1182 646 1232 stude
673 1191 721 1232 ut
744 1191 818 1231 tua
840 1182 953 1231 fides
991 1184 1047 1231 sit
1080 1183 1330 1245 operatrix,
1367 1198 1463 1231 non
1498 1182 1648 1236 iners;

104 1256 295 1306 charitas
326 1248 576 1320 laboriosa,
601 1259 859 1308 non‘otiosa
881 1280 891 1315 ς
940 1276 1044 1324 spes
1069 1260 1125 1308 sit
1162 1261 1361 1321 patiens,
1384 1264 1654 1323 exspectans

105 1330 360 1382 Dominum
375 1342 578 1382 nostrum
598 1331 757 1383 Jesum
774 1331 1004 1384 Christum
1029 1335 1331 1384 liberatorem.

740 1464 950 1510 Tnario.

171 1582 296 1636 Nota
315 1601 375 1633 ex
403 1582 468 1646 V.
487 1582 534 1632 6.
554 1580 860 1635 Christianum
884 1584 1083 1650 patiendi
1104 1584 1312 1645 modum,
1339 1583 1529 1645 scilicet,
1553 1600 1656 1632 curn

107 1660 287 1725 gaudio.
312 1656 372 1709 Et
396 1659 567 1709 ibidem
598 1660 719 1708 disce
752 1663 777 1707 a
807 1676 897 1723 quo
932 1659 1017 1709 tale
1045 1660 1284 1724 gaudium,
1309 1668 1358 1709 ut
1385 1662 1433 1709 in
1469 1658 1657 1709 tribula-

110 1739 232 1786 tione
251 1738 421 1800 positus
442 1736 498 1787 ad
520 1752 624 1785 eum
645 1751 858 1786 recurraS.

174 1810 498 1862 Ibidemdisce
521 1813 644 1878 quod
665 1830 759 1862 non
783 1815 840 1861 sit
869 1815 1015 1874 maior
1036 1809 1292 1861 Christiano
1317 1810 1483 1876 gloria,
1517 1816 1652 1877 quam

108 1904 191 1955 pro
215 1884 400 1937 Christo
432 1891 536 1952 pati.

768 2006 992 2068 omaro.

178 2131 255 2186 Ex
275 2127 334 2187 fi.
355 2153 387 2203 9
414 2142 461 2184 et
485 2152 546 2184 10
569 2135 693 2185 disce
717 2136 771 2185 ad
792 2153 946 2187 veram
972 2145 1018 2187 et
1039 2136 1281 2200 perfectam
1311 2139 1658 2195 conversionem

110 2214 385 2273 necessaria,
410 2229 509 2276 quae
527 2212 633 2261 vide
652 2216 697 2265 in
719 2214 1040 2262 observatione
1063 2211 1236 2261 morali.

176 2277 354 2328 Ibidem
374 2288 482 2328 nota
513 2295 616 2344 quae
650 2283 707 2330 sit
733 2298 844 2331 vero
868 2279 1125 2331 Christiano
1149 2289 1194 2329 et
1228 2280 1275 2327 in
1297 2276 1525 2329 Christum
1546 2297 1658 2344 per·

108 2351 226 2402 fecte
251 2354 455 2403 credenti
489 2357 687 2404 maxima
724 2356 970 2406 consolatio
989 2395 1002 2419 ‚
1034 2356 1202 2405 scilicet
1226 2362 1469 2420 expectare
1493 2351 1656 2406 Jesum

110 2426 368 2492 Christum,
389 2427 480 2480 Dei
500 2428 689 2494 Filium,
715 2450 797 2496 pro
815 2437 948 2484 nobis
974 2451 1151 2499 passum
1167 2468 1180 2493 ‚
1208 2440 1252 2482 et
1280 2430 1475 2496 judicem
1495 2440 1538 2482 et
1560 2433 1659 2482 sal-

110 2517 332 2562 vatorem.
