1806 3164
16 160 19 169 V
8 101 23 148 „jv
12 45 25 87 .„.

36 85 44 91 ,
32 43 39 47 ι

12 0 108 56 Ξ

473 114 694 158 'rmntx
730 84 1019 156 mmm-10.
1059 99 1177 169 Cap.
1227 96 1327 152 VI.
1500 102 1504 109 “
1587 114 1685 167 177

15 225 19 235 ¹
66 168 71 172 ¹
178 188 588 248 Dominusnoster
600 187 746 244 Jesus
765 187 973 242 Christus
989 187 1068 241 sua
1086 194 1265 259 potenti
1287 184 1428 258 gratia
1449 187 1577 241 adest
1593 205 1688 241 no·

112 275 213 335 bis;
232 272 371 324 sortes
389 273 541 337 itaque
555 278 601 321 et
616 271 832 335 generosi
853 271 994 319 simus
1015 305 1030 332 ,
1053 269 1127 318 tali
1148 269 1266 319 duce
1284 277 1329 320 et
1348 276 1683 335 propugnatore

115 346 372 403 vincemus,

181 423 440 479 Consortari
467 445 575 492 ergo
605 427 653 476 in
684 423 923 482 Domino,
952 433 1019 476 est
1043 428 1165 476 vires
1190 443 1291 477 sum
1308 443 1385 477 ere
1405 425 1498 476 fide
1522 433 1568 477 et
1600 442 1684 491 spe

111 509 161 558 in
179 509 398 572 gratiam,
420 522 558 571 opem
591 510 636 553 et
657 502 873 553 auxilium
896 499 1104 553 Domini.

182 583 256 648 fi.
289 603 365 635 11.
392 584 578 642 Induite
594 597 681 642 vos
706 589 999 630 armaturam
1028 583 1133 632 Det.

184 655 269 709 Gr.
298 652 606 718 ἰἰηειι’(πίνι-’λιίειν’ἱ
630 658 892 708 universam
934 666 1202 707 armaturam
1221 693 1237 719 ‚
1280 658 1663 708 seu'universum

110 742 352 787 armorum
376 743 667 803 apparatum,
694 751 831 798 quem
853 731 979 784 Deus
1003 737 1093 783 suis
1116 733 1333 783 militibus
1355 732 1684 784 subministrat.

148 811 150 814 ’
192 812 313 866 Haec
334 831 455 864 arma
482 814 706 880 sigillatim
733 815 941 877 exponit,
963 811 1030 877 yffi.
1062 813 1140 875 14,
1168 811 1249 877 15,
1273 820 1363 861 etc.

184 894 415 943 Adversus
442 892 638 940 insidias
657 888 837 939 diaboli
857 905 880 947 ,·
1234 881 1239 884 ¹

184 969 328 1035 Quasi
351 971 520 1021 diceret
540 990 551 1019 :
573 966 926 1019 callidissimum
947 968 1169 1018 habemus
1191 965 1405 1024 hostem3
1437 967 1573 1016 nobis
1596 968 1680 1015 ita-

112 1066 206 1114 que
229 1052 479 1098 necessaria
504 1055 571 1098 est
600 1065 830 1097 armorum
858 1047 1129 1096 universitas
1148 1079 1161 1105 ,
1187 1061 1248 1094 ne
1273 1045 1373 1108 quis
1397 1045 1455 1092 sit
1474 1044 1522 1091 in
1544 1043 1681 1092 nobis

115 1123 292 1173 vulneri
314 1123 456 1185 locus,
482 1122 684 1190 hincque
702 1130 900 1172 mortem
922 1119 1102 1170 inferat.

181 1197 385 1252 Astatias
406 1201 572 1252 diaboli
599 1201 706 1251 vide
737 1200 858 1267 apud
881 1197 1147 1250 Cornelium
1167 1199 1193 1246 a
1221 1194 1399 1262 Lapide
1427 1194 1538 1245 hic:
1564 1194 1678 1245 ibid.

116 1281 226 1345 vide
251 1280 467 1328 vincendi
487 1279 697 1330 modum.

183 1347 241 1406 Ῠ.
268 1374 347 1407 12.
375 1355 616 1421 Quoniam
645 1374 739 1404 non
765 1363 840 1404 est
863 1354 996 1403 nobis
1017 1354 1350 1404 colluctatio...-

185 1429 283 1483 Tot
303 1434 473 1492 verba,
505 1440 578 1482 tot
608 1434 828 1494 rationes,
855 1432 916 1480 ob
938 1447 1047 1497 quas
1072 1438 1120 1480 et
1153 1429 1340 1495 vigilare
1377 1428 1599 1481 debemus
1633 1431 1678 1477 et

113 1526 300 1575 sempter
325 1519 370 1560 et
390 1510 703 1560 universaliter
727 1525 828 1559 esse
856 1510 1034 1559 armati.

187 1583 358 1636 Nostra
388 1603 539 1653 pugna
574 1603 670 1636 non
694 1594 762 1636 est
797 1593 951 1634 contra
974 1583 1193 1634 homines
1212 1619 1227 1645 ‚
1255 1585 1332 1649 qui
1363 1600 1466 1634 caro
1493 1588 1598 1633 sunt
1633 1588 1679 1630 et

116 1667 317 1730 sanguis,
341 1673 389 1714 et
408 1664 514 1730 ideo
532 1663 712 1731 fragiles
733 1672 778 1714 et
798 1665 968 1715 infirmi
994 1681 1005 1711 ε
1025 1680 1106 1713 seu
1128 1661 1286 1711 hostes
1304 1663 1446 1711 nostri
1464 1677 1557 1710 non
1573 1666 1679 1710 sunt

116 1742 334 1792 homines
352 1745 577 1808 corporei,
596 1741 772 1807 fragiles
796 1749 839 1791 et
859 1740 1051 1798 infirmi;
1077 1739 1161 1789 sed
1179 1740 1359 1804 spiritus
1378 1737 1676 1798 subtilissimi,

120 1822 449 1881 robustissimi,
473 1821 766 1884 nequissimi:
802 1822 922 1881 iique
944 1819 1200 1883 principes,
1228 1826 1544 1882 potestates....

189 1894 360 1945 Nostra
387 1894 535 1961 pugna
565 1896 719 1944 eontra
750 1892 979 1942 diabolum
1005 1908 1107 1941 esse
1132 1890 1313 1950 dicitur,
1341 1905 1438 1938 non
1461 1889 1678 1939 adversus

118 1988 323 2033 carnem,
341 1989 437 2021 non
460 1971 584 2035 quod
598 1988 694 2021 non
717 1974 775 2021 sit
797 1972 932 2019 etiam
946 1970 1083 2018 nobis
1103 1967 1393 2034 pugnandum
1417 1985 1520 2017 cum
1542 1982 1676 2016 carne

119 2054 166 2096 et
186 2046 392 2104 mundo;
409 2047 492 2096 sed
515 2049 617 2111 quia
634 2063 736 2096 caro
766 2053 810 2095 et
833 2045 1028 2094 mundus
1051 2046 1141 2093 sint
1165 2045 1289 2111 quasi
1308 2045 1606 2092 instrumenta
1627 2050 1675 2091 et

117 2139 242 2172 arma
258 2125 419 2190 quibus
441 2141 525 2174 nos
544 2127 778 2189 impugnat
794 2121 1024 2182 diabolus;
1049 2125 1207 2226 sicque
1225 2121 1371 2171 hostis
1385 2129 1541 2171 noster
1557 2137 1672 2186 pro-

115 2203 216 2264 prie
237 2200 440 2251 diabolus
465 2209 550 2252 est.

184 2278 415 2328 Adoe'r'sias
431 2281 730 2344 prmcipes....
755 2276 917 2327 eadem
945 2275 1165 2341 graduum
1184 2277 1374 2326 nomina
1395 2274 1453 2325 de
1480 2276 1668 2325 daemo-

94 2352 249 2401 »nibus
274 2351 544 2418 usurpantur
566 2367 670 2418 quae
687 2351 746 2401 de
770 2351 959 2418 angelis,
985 2354 1088 2417 quia
1113 2369 1171 2402 ex
1197 2353 1410 2401 omnibus
1434 2351 1672 2400 ordinibus

115 2429 250 2496 aliqui
272 2447 374 2480 cum
399 2428 612 2481 Lucifero
636 2430 897 2481 ceciderunt
923 2449 935 2479 ε

187 2512 378 2560 Mundi
396 2521 655 2574 redona...
679 2508 763 2563 Gr.
784 2507 1203 2577 κοσμοκράτορας,
1225 2511 1272 2561 id
1294 2518 1382 2574 est,
1399 2509 1558 2560 mundi
1580 2509 1672 2560 do-

113 2589 284 2651 minos,
309 2589 467 2638 mundi
493 2596 721 2654 potenteS.

179 2660 374 2714 Tertull.
397 2665 454 2714 ad
473 2663 618 2716 Marc.
640 2663 688 2716 5.
710 2666 870 2716 mundi
890 2674 1117 2718 tenenteS.

179 2734 338 2788 Dictio
370 2757 492 2789 nova
528 2748 574 2790 et
601 2757 736 2806 quam
770 2736 846 2792 Ι).
881 2739 1203 2808 Hieronymus
1239 2743 1417 2807 putata
1440 2737 1505 2791 D.
1525 2737 1670 2818 Paulo

118 2814 315 2876 primum
338 2811 505 2867 fictam.

188 2887 500 2944 Tenebrar'wm
529 2896 714 2950 hai-um.
742 2895 837 2948 Hie
875 2901 1104 2963 genitivus
1129 2898 1291 2949 melius
1310 2896 1531 2951 *cobaeret
1565 2915 1670 2948 cum
