<?xml version="1.0" encoding="UTF-8"?>
<!DOCTYPE html PUBLIC "-//W3C//DTD XHTML 1.0 Transitional//EN"
    "http://www.w3.org/TR/xhtml1/DTD/xhtml1-transitional.dtd">
<html xmlns="http://www.w3.org/1999/xhtml" xml:lang="en" lang="en">
 <head>
  <title>
</title>
<meta http-equiv="Content-Type" content="text/html;charset=utf-8" />
  <meta name='ocr-system' content='tesseract 3.04.00' />
  <meta name='ocr-capabilities' content='ocr_page ocr_carea ocr_par ocr_line ocrx_word'/>
</head>
<body>
  <div class='ocr_page' id='page_1' title='image "./epistolaumbpauli04picq_0429.png"; bbox 0 0 1800 3158; ppageno 0'>
   <div class='ocr_carea' id='block_1_1' title="bbox 205 54 1701 293">
    <p class='ocr_par' dir='ltr' id='par_1_1' title="bbox 205 54 1701 293">
     <span class='ocr_line' id='line_1_1' title="bbox 506 54 1701 128; baseline -0.003 -17"><span class='ocrx_word' id='word_1_1' title='bbox 506 72 735 111; x_wconf 61' lang='lat' dir='ltr'><strong>mmm</strong></span> <span class='ocrx_word' id='word_1_2' title='bbox 761 71 1051 109; x_wconf 68' lang='lat' dir='ltr'><strong>Exposmo.</strong></span> <span class='ocrx_word' id='word_1_3' title='bbox 1086 54 1207 124; x_wconf 73' lang='lat' dir='ltr'><em>Cap.</em></span> <span class='ocrx_word' id='word_1_4' title='bbox 1240 56 1321 108; x_wconf 87' lang='lat'><strong>11.</strong></span> <span class='ocrx_word' id='word_1_5' title='bbox 1592 54 1701 128; x_wconf 66' lang='lat'><strong>415</strong></span> 
     </span>
     <span class='ocr_line' id='line_1_2' title="bbox 205 144 1288 213; baseline -0.006 -14"><span class='ocrx_word' id='word_1_6' title='bbox 205 146 303 213; x_wconf 80' lang='lat' dir='ltr'><strong>Qui</strong></span> <span class='ocrx_word' id='word_1_7' title='bbox 325 144 435 200; x_wconf 86' lang='lat' dir='ltr'><strong>Deo</strong></span> <span class='ocrx_word' id='word_1_8' title='bbox 457 145 694 213; x_wconf 83' lang='lat' dir='ltr'><strong>displicent</strong></span> <span class='ocrx_word' id='word_1_9' title='bbox 718 153 765 197; x_wconf 86' lang='lat' dir='ltr'><strong>et</strong></span> <span class='ocrx_word' id='word_1_10' title='bbox 783 155 888 197; x_wconf 81' lang='lat' dir='ltr'><strong>sunt</strong></span> <span class='ocrx_word' id='word_1_11' title='bbox 912 148 1042 196; x_wconf 86' lang='lat' dir='ltr'><strong>exosi</strong></span> <span class='ocrx_word' id='word_1_12' title='bbox 1062 165 1074 204; x_wconf 90' lang='lat'>;</span> <span class='ocrx_word' id='word_1_13' title='bbox 1282 152 1288 164; x_wconf 79' lang='grc'><em>“</em></span> 
     </span>
     <span class='ocr_line' id='line_1_3' title="bbox 205 225 1296 293; baseline -0.005 -14"><span class='ocrx_word' id='word_1_14' title='bbox 205 225 301 293; x_wconf 83' lang='lat' dir='ltr'><strong>Qui</strong></span> <span class='ocrx_word' id='word_1_15' title='bbox 328 229 535 278; x_wconf 86' lang='lat' dir='ltr'><strong>omnium</strong></span> <span class='ocrx_word' id='word_1_16' title='bbox 553 225 796 277; x_wconf 88' lang='lat' dir='ltr'><strong>hominum</strong></span> <span class='ocrx_word' id='word_1_17' title='bbox 822 225 950 276; x_wconf 74' lang='lat' dir='ltr'><strong>saluti</strong></span> <span class='ocrx_word' id='word_1_18' title='bbox 975 225 1296 283; x_wconf 82' lang='lat' dir='ltr'><strong>adversantur;</strong></span> 
     </span>
    </p>
   </div>
   <div class='ocr_carea' id='block_1_2' title="bbox 201 319 1696 398">
    <p class='ocr_par' dir='ltr' id='par_1_2' title="bbox 201 319 1696 398">
     <span class='ocr_line' id='line_1_4' title="bbox 201 319 1696 398; baseline -0.003 -23"><span class='ocrx_word' id='word_1_19' title='bbox 201 321 330 376; x_wconf 88' lang='lat' dir='ltr'><strong>Dum</strong></span> <span class='ocrx_word' id='word_1_20' title='bbox 356 323 604 398; x_wconf 84' lang='lat' dir='ltr'><strong>prohibent</strong></span> <span class='ocrx_word' id='word_1_21' title='bbox 630 340 717 373; x_wconf 87' lang='lat' dir='ltr'><strong>nos</strong></span> <span class='ocrx_word' id='word_1_22' title='bbox 749 319 979 374; x_wconf 84' lang='lat' dir='ltr'><strong>Gentibus</strong></span> <span class='ocrx_word' id='word_1_23' title='bbox 1006 324 1201 372; x_wconf 77' lang='lat' dir='ltr'><strong>verbum</strong></span> <span class='ocrx_word' id='word_1_24' title='bbox 1230 320 1381 372; x_wconf 76' lang='lat' dir='ltr'><strong>salutis</strong></span> <span class='ocrx_word' id='word_1_25' title='bbox 1402 319 1551 388; x_wconf 83' lang='lat' dir='ltr'><strong>loqui,</strong></span> <span class='ocrx_word' id='word_1_26' title='bbox 1580 329 1629 372; x_wconf 86' lang='lat' dir='ltr'><strong>ut</strong></span> <span class='ocrx_word' id='word_1_27' title='bbox 1652 321 1696 372; x_wconf 85' lang='lat' dir='ltr'><strong>ei</strong></span> 
     </span>
    </p>
   </div>
   <div class='ocr_carea' id='block_1_3' title="bbox 137 401 1693 543">
    <p class='ocr_par' dir='ltr' id='par_1_3' title="bbox 137 401 1693 543">
     <span class='ocr_line' id='line_1_5' title="bbox 137 401 698 461; baseline -0.002 -9"><span class='ocrx_word' id='word_1_28' title='bbox 137 401 377 453; x_wconf 73' lang='lat' dir='ltr'><strong>credentes</strong></span> <span class='ocrx_word' id='word_1_29' title='bbox 394 402 530 451; x_wconf 83' lang='lat' dir='ltr'><strong>salvae</strong></span> <span class='ocrx_word' id='word_1_30' title='bbox 551 401 662 451; x_wconf 84' lang='lat' dir='ltr'><strong>fiant</strong></span> <span class='ocrx_word' id='word_1_31' title='bbox 685 423 698 461; x_wconf 91' lang='lat'>;</span> 
     </span>
     <span class='ocr_line' id='line_1_6' title="bbox 200 474 1693 543; baseline -0.003 -16"><span class='ocrx_word' id='word_1_32' title='bbox 200 474 311 528; x_wconf 88' lang='lat' dir='ltr'><strong>Hoc</strong></span> <span class='ocrx_word' id='word_1_33' title='bbox 331 478 560 543; x_wconf 62' lang='lat' dir='ltr'><strong>restabat,</strong></span> <span class='ocrx_word' id='word_1_34' title='bbox 595 486 645 529; x_wconf 82' lang='lat' dir='ltr'><strong>ut</strong></span> <span class='ocrx_word' id='word_1_35' title='bbox 678 483 965 542; x_wconf 75' lang='lat' dir='ltr'><strong>peccatorum</strong></span> <span class='ocrx_word' id='word_1_36' title='bbox 1003 493 1188 526; x_wconf 87' lang='lat' dir='ltr'><strong>suorum</strong></span> <span class='ocrx_word' id='word_1_37' title='bbox 1226 474 1471 543; x_wconf 78' lang='lat' dir='ltr'><strong>implerent</strong></span> <span class='ocrx_word' id='word_1_38' title='bbox 1494 490 1693 525; x_wconf 61' lang='lat' dir='ltr'><strong>mensu-—</strong></span> 
     </span>
    </p>
   </div>
   <div class='ocr_carea' id='block_1_4' title="bbox 89 559 1691 1327">
    <p class='ocr_par' dir='ltr' id='par_1_4' title="bbox 132 559 265 606">
     <span class='ocr_line' id='line_1_7' title="bbox 132 559 265 606; baseline -0.03 0"><span class='ocrx_word' id='word_1_39' title='bbox 132 559 229 606; x_wconf 71' lang='lat' dir='ltr'><strong>ram</strong></span> <span class='ocrx_word' id='word_1_40' title='bbox 253 574 265 602; x_wconf 90' lang='lat'><strong>:</strong></span> 
     </span>
    </p>

    <p class='ocr_par' dir='ltr' id='par_1_5' title="bbox 89 647 1686 868">
     <span class='ocr_line' id='line_1_8' title="bbox 89 647 1686 779; baseline -0.003 -78"><span class='ocrx_word' id='word_1_41' title='bbox 89 718 103 723; x_wconf 27' lang='grc' dir='ltr'>ἱ</span> <span class='ocrx_word' id='word_1_42' title='bbox 130 719 153 779; x_wconf 44' lang='grc' dir='ltr'>ξ</span> <span class='ocrx_word' id='word_1_43' title='bbox 199 647 422 704; x_wconf 84' lang='lat' dir='ltr'><strong>Pervenit</strong></span> <span class='ocrx_word' id='word_1_44' title='bbox 453 653 577 703; x_wconf 83' lang='lat' dir='ltr'><strong>enim</strong></span> <span class='ocrx_word' id='word_1_45' title='bbox 612 652 661 701; x_wconf 84' lang='lat' dir='ltr'><strong>in</strong></span> <span class='ocrx_word' id='word_1_46' title='bbox 692 650 792 700; x_wconf 82' lang='lat' dir='ltr'><strong>illos</strong></span> <span class='ocrx_word' id='word_1_47' title='bbox 827 653 890 700; x_wconf 83' lang='lat' dir='ltr'><strong>ira</strong></span> <span class='ocrx_word' id='word_1_48' title='bbox 916 647 1006 701; x_wconf 87' lang='lat' dir='ltr'><strong>Dei</strong></span> <span class='ocrx_word' id='word_1_49' title='bbox 1037 667 1182 718; x_wconf 86' lang='lat' dir='ltr'><strong>usque</strong></span> <span class='ocrx_word' id='word_1_50' title='bbox 1218 652 1266 700; x_wconf 89' lang='lat' dir='ltr'><strong>in</strong></span> <span class='ocrx_word' id='word_1_51' title='bbox 1302 651 1443 700; x_wconf 88' lang='lat' dir='ltr'><strong>finem</strong></span> <span class='ocrx_word' id='word_1_52' title='bbox 1467 663 1686 716; x_wconf 79' lang='lat' dir='ltr'><strong>perman-</strong></span> 
     </span>
     <span class='ocr_line' id='line_1_9' title="bbox 154 743 251 780; baseline 0 -1"><span class='ocrx_word' id='word_1_53' title='bbox 154 743 251 780; x_wconf 77' lang='lat' dir='ltr'><strong>ura.</strong></span> 
     </span>
     <span class='ocr_line' id='line_1_10' title="bbox 197 802 1685 868; baseline -0.001 -12"><span class='ocrx_word' id='word_1_54' title='bbox 197 802 302 857; x_wconf 86' lang='lat' dir='ltr'><strong>Nos</strong></span> <span class='ocrx_word' id='word_1_55' title='bbox 316 813 466 855; x_wconf 68' lang='lat' dir='ltr'><strong>autem</strong></span> <span class='ocrx_word' id='word_1_56' title='bbox 479 840 494 867; x_wconf 84' lang='lat'>,</span> <span class='ocrx_word' id='word_1_57' title='bbox 512 803 668 854; x_wconf 81' lang='lat' dir='ltr'><strong>fratres</strong></span> <span class='ocrx_word' id='word_1_58' title='bbox 687 841 703 868; x_wconf 83' lang='lat'><strong>.,</strong></span> <span class='ocrx_word' id='word_1_59' title='bbox 725 804 861 854; x_wconf 82' lang='lat' dir='ltr'><strong>vobis</strong></span> <span class='ocrx_word' id='word_1_60' title='bbox 874 802 897 865; x_wconf 84' lang='grc'>(</span> <span class='ocrx_word' id='word_1_61' title='bbox 911 804 1035 855; x_wconf 84' lang='lat' dir='ltr'><strong>velut</strong></span> <span class='ocrx_word' id='word_1_62' title='bbox 1056 804 1330 855; x_wconf 82' lang='lat' dir='ltr'><strong>charissimis</strong></span> <span class='ocrx_word' id='word_1_63' title='bbox 1350 805 1490 867; x_wconf 85' lang='lat' dir='ltr'><strong>filiis)</strong></span> <span class='ocrx_word' id='word_1_64' title='bbox 1510 806 1685 866; x_wconf 81' lang='lat' dir='ltr'>orbati,</span> 
     </span>
    </p>

    <p class='ocr_par' dir='ltr' id='par_1_6' title="bbox 125 883 1691 950">
     <span class='ocr_line' id='line_1_11' title="bbox 125 883 1691 950; baseline -0.002 -14"><span class='ocrx_word' id='word_1_65' title='bbox 125 885 231 936; x_wconf 71' lang='lat' dir='ltr'><strong>licet</strong></span> <span class='ocrx_word' id='word_1_66' title='bbox 249 884 306 934; x_wconf 79' lang='lat' dir='ltr'><strong>ad</strong></span> <span class='ocrx_word' id='word_1_67' title='bbox 323 886 464 934; x_wconf 85' lang='lat' dir='ltr'><strong>breve</strong></span> <span class='ocrx_word' id='word_1_68' title='bbox 482 891 661 950; x_wconf 87' lang='lat' dir='ltr'><strong>tempus</strong></span> <span class='ocrx_word' id='word_1_69' title='bbox 683 892 727 934; x_wconf 80' lang='lat' dir='ltr'><strong>et</strong></span> <span class='ocrx_word' id='word_1_70' title='bbox 747 891 931 949; x_wconf 85' lang='lat' dir='ltr'><strong>aspectu</strong></span> <span class='ocrx_word' id='word_1_71' title='bbox 947 883 1166 934; x_wconf 82' lang='lat' dir='ltr'><strong>duntaxat</strong></span> <span class='ocrx_word' id='word_1_72' title='bbox 1185 921 1199 947; x_wconf 89' lang='lat'>,</span> <span class='ocrx_word' id='word_1_73' title='bbox 1219 901 1318 934; x_wconf 86' lang='lat' dir='ltr'><strong>non</strong></span> <span class='ocrx_word' id='word_1_74' title='bbox 1339 883 1503 935; x_wconf 81' lang='lat' dir='ltr'><strong>affectu</strong></span> <span class='ocrx_word' id='word_1_75' title='bbox 1519 901 1530 932; x_wconf 73' lang='grc' dir='ltr'><strong>ε</strong></span> <span class='ocrx_word' id='word_1_76' title='bbox 1545 883 1691 935; x_wconf 88' lang='lat' dir='ltr'><strong>vehe-</strong></span> 
     </span>
    </p>

    <p class='ocr_par' dir='ltr' id='par_1_7' title="bbox 127 961 1680 1088">
     <span class='ocr_line' id='line_1_12' title="bbox 127 961 1680 1030; baseline -0.003 -17"><span class='ocrx_word' id='word_1_77' title='bbox 127 964 409 1014; x_wconf 69' lang='lat' dir='ltr'><strong>mentissime</strong></span> <span class='ocrx_word' id='word_1_78' title='bbox 433 969 587 1012; x_wconf 73' lang='lat' dir='ltr'><strong>famen</strong></span> <span class='ocrx_word' id='word_1_79' title='bbox 608 961 860 1012; x_wconf 70' lang='lat' dir='ltr'><strong>studuimus</strong></span> <span class='ocrx_word' id='word_1_80' title='bbox 883 970 929 1013; x_wconf 88' lang='lat' dir='ltr'><strong>et</strong></span> <span class='ocrx_word' id='word_1_81' title='bbox 964 979 1152 1028; x_wconf 81' lang='lat' dir='ltr'>operam</span> <span class='ocrx_word' id='word_1_82' title='bbox 1187 962 1394 1013; x_wconf 87' lang='lat' dir='ltr'><strong>dedimus</strong></span> <span class='ocrx_word' id='word_1_83' title='bbox 1419 965 1555 1030; x_wconf 63' lang='lat' dir='ltr'><strong>quem</strong></span> <span class='ocrx_word' id='word_1_84' title='bbox 1592 964 1680 1012; x_wconf 57' lang='lat' dir='ltr'><strong>cite)</strong></span> 
     </span>
     <span class='ocr_line' id='line_1_13' title="bbox 127 1037 417 1088; baseline -0.01 0"><span class='ocrx_word' id='word_1_85' title='bbox 127 1037 290 1088; x_wconf 78' lang='lat' dir='ltr'><strong>videre.</strong></span> <span class='ocrx_word' id='word_1_86' title='bbox 314 1053 417 1086; x_wconf 89' lang='lat' dir='ltr'><strong>vos.</strong></span> 
     </span>
    </p>

    <p class='ocr_par' dir='ltr' id='par_1_8' title="bbox 121 1108 1689 1327">
     <span class='ocr_line' id='line_1_14' title="bbox 190 1108 1678 1184; baseline 0.001 -18"><span class='ocrx_word' id='word_1_87' title='bbox 190 1112 442 1184; x_wconf 74' lang='lat' dir='ltr'>Propterea</span> <span class='ocrx_word' id='word_1_88' title='bbox 469 1108 560 1167; x_wconf 85' lang='lat' dir='ltr'><strong>hoc</strong></span> <span class='ocrx_word' id='word_1_89' title='bbox 585 1115 810 1166; x_wconf 82' lang='lat' dir='ltr'><strong>desiderio</strong></span> <span class='ocrx_word' id='word_1_90' title='bbox 836 1120 979 1182; x_wconf 86' lang='lat' dir='ltr'><strong>pressi</strong></span> <span class='ocrx_word' id='word_1_91' title='bbox 1002 1154 1015 1176; x_wconf 80' lang='grc'><em>,</em></span> <span class='ocrx_word' id='word_1_92' title='bbox 1044 1109 1272 1169; x_wconf 81' lang='lat' dir='ltr'><strong>voluimus</strong></span> <span class='ocrx_word' id='word_1_93' title='bbox 1298 1119 1462 1169; x_wconf 83' lang='lat' dir='ltr'><strong>venire.</strong></span> <span class='ocrx_word' id='word_1_94' title='bbox 1480 1117 1539 1167; x_wconf 84' lang='lat' dir='ltr'><strong>ad</strong></span> <span class='ocrx_word' id='word_1_95' title='bbox 1566 1134 1678 1181; x_wconf 77' lang='grc' dir='ltr'><em>νοε,</em></span> 
     </span>
     <span class='ocr_line' id='line_1_15' title="bbox 121 1191 1689 1261; baseline 0 -15"><span class='ocrx_word' id='word_1_96' title='bbox 121 1203 171 1246; x_wconf 81' lang='lat' dir='ltr'><strong>et</strong></span> <span class='ocrx_word' id='word_1_97' title='bbox 194 1211 282 1261; x_wconf 75' lang='lat' dir='ltr'><strong>ego</strong></span> <span class='ocrx_word' id='word_1_98' title='bbox 306 1197 578 1248; x_wconf 83' lang='lat' dir='ltr'><strong>nominatim</strong></span> <span class='ocrx_word' id='word_1_99' title='bbox 604 1191 802 1259; x_wconf 67' lang='grc' dir='ltr'><strong>Ραυῐυε,</strong></span> <span class='ocrx_word' id='word_1_100' title='bbox 828 1194 971 1246; x_wconf 84' lang='lat' dir='ltr'><strong>semel</strong></span> <span class='ocrx_word' id='word_1_101' title='bbox 997 1203 1043 1246; x_wconf 85' lang='lat' dir='ltr'><strong>et</strong></span> <span class='ocrx_word' id='word_1_102' title='bbox 1067 1198 1259 1256; x_wconf 77' lang='lat' dir='ltr'><strong>iterum3</strong></span> <span class='ocrx_word' id='word_1_103' title='bbox 1285 1194 1371 1246; x_wconf 86' lang='lat' dir='ltr'><strong>sed</strong></span> <span class='ocrx_word' id='word_1_104' title='bbox 1391 1196 1568 1246; x_wconf 80' lang='lat' dir='ltr'><strong>obstitit</strong></span> <span class='ocrx_word' id='word_1_105' title='bbox 1593 1193 1689 1248; x_wconf 66' lang='lat' dir='ltr'>Sa&#39;-</span> 
     </span>
     <span class='ocr_line' id='line_1_16' title="bbox 121 1283 270 1327; baseline 0.007 -2"><span class='ocrx_word' id='word_1_106' title='bbox 121 1283 270 1327; x_wconf 70' lang='lat' dir='ltr'><strong>ianas.</strong></span> 
     </span>
    </p>
   </div>
   <div class='ocr_carea' id='block_1_5' title="bbox 117 1377 1688 1840">
    <p class='ocr_par' dir='ltr' id='par_1_9' title="bbox 117 1377 1688 1744">
     <span class='ocr_line' id='line_1_17' title="bbox 176 1377 1688 1451; baseline -0.001 -17"><span class='ocrx_word' id='word_1_107' title='bbox 176 1377 339 1445; x_wconf 79' lang='lat' dir='ltr'><strong>(Nec</strong></span> <span class='ocrx_word' id='word_1_108' title='bbox 361 1384 527 1432; x_wconf 88' lang='lat' dir='ltr'><strong>mirum</strong></span> <span class='ocrx_word' id='word_1_109' title='bbox 541 1419 554 1445; x_wconf 88' lang='lat'>‚</span> <span class='ocrx_word' id='word_1_110' title='bbox 578 1384 617 1432; x_wconf 90' lang='lat' dir='ltr'><strong>si</strong></span> <span class='ocrx_word' id='word_1_111' title='bbox 636 1381 684 1432; x_wconf 90' lang='lat' dir='ltr'><strong>id</strong></span> <span class='ocrx_word' id='word_1_112' title='bbox 706 1381 1020 1433; x_wconf 74' lang='lat' dir='ltr'><strong>ardentissime</strong></span> <span class='ocrx_word' id='word_1_113' title='bbox 1049 1379 1409 1434; x_wconf 75' lang='lat' dir='ltr'><strong>desideravimus</strong></span> <span class='ocrx_word' id='word_1_114' title='bbox 1425 1383 1471 1445; x_wconf 75' lang='lat' dir='ltr'><strong>x)</strong></span> <span class='ocrx_word' id='word_1_115' title='bbox 1497 1390 1600 1451; x_wconf 82' lang='lat' dir='ltr'><strong>quae</strong></span> <span class='ocrx_word' id='word_1_116' title='bbox 1616 1392 1688 1435; x_wconf 87' lang='lat' dir='ltr'><strong>est</strong></span> 
     </span>
     <span class='ocr_line' id='line_1_18' title="bbox 121 1460 1682 1527; baseline 0 -13"><span class='ocrx_word' id='word_1_117' title='bbox 121 1464 246 1514; x_wconf 85' lang='lat' dir='ltr'><strong>enim</strong></span> <span class='ocrx_word' id='word_1_118' title='bbox 269 1470 422 1513; x_wconf 78' lang='lat' dir='ltr'><strong>nostra</strong></span> <span class='ocrx_word' id='word_1_119' title='bbox 450 1478 582 1527; x_wconf 79' lang='lat' dir='ltr'><strong>spe5‚</strong></span> <span class='ocrx_word' id='word_1_120' title='bbox 610 1469 683 1511; x_wconf 75' lang='lat' dir='ltr'><strong>aur</strong></span> <span class='ocrx_word' id='word_1_121' title='bbox 705 1460 947 1526; x_wconf 83' lang='lat' dir='ltr'><strong>gaudium,</strong></span> <span class='ocrx_word' id='word_1_122' title='bbox 971 1469 1046 1511; x_wconf 81' lang='lat' dir='ltr'><strong>aut</strong></span> <span class='ocrx_word' id='word_1_123' title='bbox 1071 1461 1319 1527; x_wconf 85' lang='lat' dir='ltr'><strong>gloriosum</strong></span> <span class='ocrx_word' id='word_1_124' title='bbox 1343 1461 1483 1512; x_wconf 89' lang='lat' dir='ltr'><strong>decus</strong></span> <span class='ocrx_word' id='word_1_125' title='bbox 1515 1470 1562 1512; x_wconf 79' lang='lat' dir='ltr'><strong>et</strong></span> <span class='ocrx_word' id='word_1_126' title='bbox 1595 1480 1682 1514; x_wconf 90' lang='lat' dir='ltr'>or·-</span> 
     </span>
     <span class='ocr_line' id='line_1_19' title="bbox 117 1532 1679 1603; baseline -0.001 -10"><span class='ocrx_word' id='word_1_127' title='bbox 117 1541 422 1593; x_wconf 70' lang='lat' dir='ltr'><strong>namentum?</strong></span> <span class='ocrx_word' id='word_1_128' title='bbox 443 1557 608 1592; x_wconf 87' lang='lat' dir='ltr'><strong>nonne</strong></span> <span class='ocrx_word' id='word_1_129' title='bbox 637 1555 722 1591; x_wconf 88' lang='lat' dir='ltr'><strong>vos</strong></span> <span class='ocrx_word' id='word_1_130' title='bbox 745 1555 898 1589; x_wconf 88' lang='lat' dir='ltr'><strong>coram</strong></span> <span class='ocrx_word' id='word_1_131' title='bbox 919 1537 1126 1590; x_wconf 84' lang='lat' dir='ltr'><strong>Domino</strong></span> <span class='ocrx_word' id='word_1_132' title='bbox 1150 1549 1309 1591; x_wconf 85' lang='lat' dir='ltr'><strong>nostro</strong></span> <span class='ocrx_word' id='word_1_133' title='bbox 1329 1534 1452 1591; x_wconf 81' lang='lat' dir='ltr'><strong>Jesu</strong></span> <span class='ocrx_word' id='word_1_134' title='bbox 1464 1532 1649 1592; x_wconf 79' lang='lat' dir='ltr'><strong>Christo</strong></span> <span class='ocrx_word' id='word_1_135' title='bbox 1666 1578 1679 1603; x_wconf 86' lang='lat'>‚</span> 
     </span>
     <span class='ocr_line' id='line_1_20' title="bbox 119 1613 1674 1683; baseline 0.002 -17"><span class='ocrx_word' id='word_1_136' title='bbox 119 1619 224 1667; x_wconf 69' lang='lat' dir='ltr'><strong>cum</strong></span> <span class='ocrx_word' id='word_1_137' title='bbox 239 1615 299 1667; x_wconf 88' lang='lat' dir='ltr'><strong>ad</strong></span> <span class='ocrx_word' id='word_1_138' title='bbox 317 1615 535 1679; x_wconf 86' lang='lat' dir='ltr'><strong>judicium</strong></span> <span class='ocrx_word' id='word_1_139' title='bbox 551 1613 765 1666; x_wconf 85' lang='lat' dir='ltr'><strong>redierit?</strong></span> <span class='ocrx_word' id='word_1_140' title='bbox 780 1613 940 1680; x_wconf 82' lang='lat' dir='ltr'><strong>supple</strong></span> <span class='ocrx_word' id='word_1_141' title='bbox 955 1652 969 1678; x_wconf 87' lang='lat'>,</span> <span class='ocrx_word' id='word_1_142' title='bbox 996 1618 1105 1667; x_wconf 76' lang='lat' dir='ltr'><strong>estis</strong></span> <span class='ocrx_word' id='word_1_143' title='bbox 1126 1633 1233 1683; x_wconf 89' lang='lat' dir='ltr'><strong>spes</strong></span> <span class='ocrx_word' id='word_1_144' title='bbox 1253 1624 1409 1667; x_wconf 79' lang='lat' dir='ltr'><strong>nostra</strong></span> <span class='ocrx_word' id='word_1_145' title='bbox 1423 1652 1438 1680; x_wconf 88' lang='lat'>‚</span> <span class='ocrx_word' id='word_1_146' title='bbox 1459 1616 1674 1682; x_wconf 83' lang='lat' dir='ltr'><strong>gaudium</strong></span> 
     </span>
     <span class='ocr_line' id='line_1_21' title="bbox 119 1701 377 1744; baseline 0.008 -2"><span class='ocrx_word' id='word_1_147' title='bbox 119 1701 167 1743; x_wconf 83' lang='lat' dir='ltr'><strong>et</strong></span> <span class='ocrx_word' id='word_1_148' title='bbox 191 1710 377 1744; x_wconf 85' lang='lat' dir='ltr'><strong>corona.</strong></span> 
     </span>
    </p>

    <p class='ocr_par' dir='ltr' id='par_1_10' title="bbox 184 1768 1510 1840">
     <span class='ocr_line' id='line_1_22' title="bbox 184 1768 1510 1840; baseline 0.004 -18"><span class='ocrx_word' id='word_1_149' title='bbox 184 1768 253 1822; x_wconf 74' lang='lat' dir='ltr'><strong>Ita</strong></span> <span class='ocrx_word' id='word_1_150' title='bbox 273 1776 382 1823; x_wconf 69' lang='lat' dir='ltr'><strong>sane</strong></span> <span class='ocrx_word' id='word_1_151' title='bbox 405 1788 490 1822; x_wconf 86' lang='lat' dir='ltr'><strong>vos</strong></span> <span class='ocrx_word' id='word_1_152' title='bbox 516 1773 624 1823; x_wconf 75' lang='lat' dir='ltr'><strong>estis</strong></span> <span class='ocrx_word' id='word_1_153' title='bbox 643 1771 782 1837; x_wconf 83' lang='lat' dir='ltr'>gloria</span> <span class='ocrx_word' id='word_1_154' title='bbox 803 1778 957 1821; x_wconf 75' lang='lat' dir='ltr'><strong>nostra</strong></span> <span class='ocrx_word' id='word_1_155' title='bbox 974 1779 1020 1821; x_wconf 85' lang='lat' dir='ltr'><strong>et</strong></span> <span class='ocrx_word' id='word_1_156' title='bbox 1042 1772 1258 1840; x_wconf 81' lang='lat' dir='ltr'><strong>gaudium</strong></span> <span class='ocrx_word' id='word_1_157' title='bbox 1284 1780 1510 1827; x_wconf 77' lang='lat' dir='ltr'><strong>nostrum.</strong></span> 
     </span>
    </p>
   </div>
  </div>
 </body>
</html>
