1806 3164
95 192 101 201 .
430 158 649 197 ramex
676 153 958 191 Exposrrm.
984 136 1101 201 Cap.
1138 135 1214 189 ΙΙ.
1563 125 1629 198 59

61 222 271 294 *ditatem
292 236 384 290 Dei
406 273 420 300 ‚
444 233 501 284 ad
532 240 747 283 aeternam
775 234 1034 277 sanctorum
1060 216 1490 273 societatem.W⁷ide
1508 232 1636 281 para-

75 321 328 446 PthT}n
348 397 504 440 mente
530 401 714 452 semper
735 382 905 432 habete
924 418 938 443 ,
961 387 1010 428 ut
1033 375 1140 428 Deo
1162 378 1322 441 gratias
1347 373 1501 438 agatis,
1526 376 1572 419 et
1590 373 1639 418 ut

42 477 49 536 ζ
67 477 226 525 sancte
248 471 436 520 vivatis.

42 540 47 566 ²
139 549 203 598 In
232 546 458 608 sanguine
484 540 673 592 Christi.

145 631 192 684 Ο
217 636 368 682 anima
405 629 668 686 christiana,
701 624 810 672 tanti
836 619 987 670 vales!
1017 618 1181 667 merito
1205 611 1428 679 passionis
1457 616 1501 659 et
1527 624 1641 657 sana·-

0 702 13 730 ²³
78 713 228 778 guinis
249 706 445 763 Christi,
480 721 528 753 es
557 712 600 753 et
619 702 762 752 habes
784 697 1004 764 quidquid
1031 713 1078 745 es
1103 701 1149 743 et
1171 693 1326 741 habes.

141 784 319 838 Gratias
339 802 419 851 age
445 780 626 832 Christo
643 780 699 830 de
717 779 841 827 omni
862 778 988 825 bono
1011 772 1234 840 quod'per
1253 771 1399 834 ipsum
1420 762 1629 832 possides
1672 828 1679 835 μ

73 867 122 914 in
154 862 502 912 christianismo,
898 880 901 883 ·

141 951 287 1004 Serva
309 942 500 1002 fideliter
524 956 568 998 et
601 948 770 1016 attente
796 946 981 1010 gratiam
1012 957 1144 1006 quam
1169 938 1279 997 tibi,
1309 936 1378 985 sui
1413 932 1642 996 sanguinis

76 1033 225 1099 pretio
245 1067 258 1092 ‚
287 1029 539 1094 acquisivit.

145 1108 271 1161 Cave
294 1127 353 1159 ne
379 1125 465 1175 qua
488 1105 588 1166 vilis
613 1111 808 1152 creatura
837 1110 882 1151 te
913 1105 1088 1164 separet
1111 1100 1138 1146 a
1165 1091 1300 1156 Deo,
1328 1094 1400 1143 cui
1424 1087 1634 1140 Christus
1711 1103 1717 1107 ·

60 1186 61 1189 ’
83 1201 167 1251 per
188 1202 319 1234 suum
337 1183 602 1247 sanguinem
626 1187 668 1227 te
690 1176 794 1226 fecit
814 1178 1134 1243 propinquam.

148 1263 208 1322 fi.
237 1271 437 1334 14.Ipse,
453 1269 666 1316 enim-est
684 1283 785 1326 pax
807 1273 1036 1312 nostra...
1060 1279 1181 1325 pax,
1206 1256 1538 1322 metonymice,
1560 1270 1643 1318 pro

89 1346 387 1414 pacificator,
416 1362 495 1394 seu
521 1344 687 1392 faciens
724 1358 900 1405 pacem,
934 1338 1122 1389 essectus
1150 1353 1231 1399 pro
1257 1333 1405 1383 causa.

151 1419 257 1485 Ipse
311 1417 516 1470 Christus
561 1425 713 1465 auctor
762 1423 830 1463 est
886 1415 1008 1479 pacis
1053 1409 1321 1482 Jurlaeorum
1374 1414 1420 1456 et
1466 1400 1643 1453 Genti-

0 1515 4 1521 *
40 1521 41 1525 ¹
79 1499 207 1552 lium.

156 1587 255 1652 Qui
267 1584 386 1648 fecit
406 1593 612 1651 utraque,
645 1583 690 1631 id
722 1589 811 1642 est,
841 1589 1080 1644 utrumque
1107 1577 1350 1642 populum,
1378 1573 1569 1624 Judaeos
1598 1578 1643 1622 et

19 1728 21 1730 ,
85 1662 313 1724 Gentiles
341 1682 487 1712 unum
504 1678 526 1720 ;
550 1678 630 1712 eos
651 1663 797 1711 univit
821 1662 869 1709 in
891 1658 981 1709 una
1006 1655 1242 1719 Ecclesia,
1267 1657 1352 1706 sub
1376 1672 1468 1704 uno
1496 1662 1539 1704 et
1564 1668 1646 1702 eo-

3 1778 8 1780 -
83 1742 192 1792 dem
221 1744 380 1806 capite.
745 1742 746 1750 ’

150 1818 364 1866 Mediam
383 1817 610 1880 parielem
634 1815 850 1863 maceria:
885 1814 1084 1873 solvens.

151 1893 352 1944 Macerio
374 1902 420 1944 et
448 1911 601 1943 murus
631 1910 691 1943 ex
726 1891 948 1957 lapidibus
982 1907 1076 1938 non
1116 1888 1420 1949 caementatis,
1447 1887 1648 1951 ideoque

90 1973 220 2024 facile
255 1974 470 2024 solubilis.

158 2055 252 2108 Per
271 2057 389 2107 hanc
417 2059 655 2106 maceriam
683 2059 804 2107 bene
827 2055 1106 2120 significatur
1130 2052 1204 2103 lex
1227 2052 1403 2114 judaica
1424 2068 1523 2117 quae
1550 2059 1646 2100 erat

87 2141 326 2203 congeries
350 2145 675 2201 praeceptorum
692 2174 704 2197 ‚
735 2139 833 2186 sine
858 2135 1102 2194 charitate,
1131 2149 1231 2197 quae
1269 2142 1337 2182 est
1376 2135 1516 2181 instar
1541 2146 1641 2178 cae-

88 2219 233 2266 menti
253 2224 294 2266 et
321 2216 688 2279 glz.1tinis;,quam
710 2214 782 2263 lex
808 2217 889 2264 ista
914 2212 1196 2270 continebat,
1225 2212 1387 2260 timore
1407 2213 1551 2272 magis
1570 2224 1652 2257 co-

88 2308 222 2356 gens,
247 2295 381 2358 quam
404 2308 558 2340 amore
579 2290 800 2350 alliciens,
821 2294 882 2339 ait
907 2287 969 2340 D.
987 2287 1213 2338 Thomas·

175 2378 482 2434 Inimicitias,
509 2378 646 2436 idest,
674 2394 851 2426 causam
874 2377 1206 2426 inimicitiarum
1228 2381 1544 2439 perpetuarum
1563 2373 1644 2420 in·-

94 2461 164 2504 ter
198 2460 437 2516 utrumque
463 2453 675 2517 populum
698 2473 706 2501 :
733 2455 793 2502 ob
821 2453 947 2517 leges
973 2454 1096 2501 enim
1132 2459 1175 2499 et
1201 2451 1431 2500 diversam
1462 2446 1652 2497 vivendi

93 2531 317 2579 rationem
344 2525 491 2577 Judaei
515 2529 702 2578 oderant
725 2527 952 2590 Gentile3‚
976 2537 1022 2578 et
1042 2529 1144 2577 vice
1162 2525 1294 2576 versa
1315 2523 1521 2576 Gentiles
1538 2525 1655 2574 ode-

95 2614 197 2656 rant
217 2603 419 2654 Judaeos.
1346 2610 1352 2615 “

166 2695 348 2742 Soloens
365 2731 378 2753 ‚
403 2693 521 2744 hanc
547 2695 697 2761 legem
730 2693 934 2746 Christus
960 2697 1160 2745 moriens
1188 2692 1420 2757 dissolvit,
1447 2694 1652 2758 abroga-

14 2818 18 2846 5
94 2773 166 2822 *vit
191 2786 204 2815 t
231 2771 294 2837 sic
315 2777 463 2819 autem
486 2771 638 2830 solvit,
668 2780 715 2821 ut
741 2781 784 2822 et
810 2771 1080 2835 adimplerit.

169 2844 312 2897 Solvit
338 2849 516 2896 umbras
539 2843 645 2914 legis
669 2850 1008 2908 caeremonialis‚
1043 2857 1087 2898 et
1109 2848 1239 2897 simul
1265 2846 1529 2912 adimplevit
1564 2861 1659 2894 ex-

99 2923 306 2974 hibendo
332 2926 601 2975 veritatem:
624 2928 736 2975 sicut
771 2929 914 2992 pictor
944 2929 1186 2991 imponens
1224 2926 1427 2974 ultimam
1467 2939 1655 2973 manum
