1800 3158
503 116 717 158 πωπω(
750 84 1038 154 Exrosrrio.
1075 100 1191 164 Cap.
1226 93 1328 151 IV.
1590 95 1696 159 ’455

149 203 172 220 ’
198 195 271 258 Ita
301 197 475 263 opinati
497 205 605 246 sunt
642 192 794 244 Groeci
829 192 986 252 multi,
1029 205 1146 255 quos
1179 190 1380 255 sequitur
1419 183 1689 248 Caietano-«3,

133 279 242 344 quin
263 285 308 328 et
333 275 396 326 D.
418 273 699 343 Augustinus
734 273 782 323 id
815 271 1055 321 affirmavit
1083 268 1326 335 aliquando
1346 303 1359 328 ‚
1401 266 1520 316 libro
1545 284 1594 323 2,
1625 265 1693 318 de

131 359 423 418 peccatorum
459 352 655 410 merim,
686 365 787 412 cap.
830 346 891 397 31
912 382 926 403 ‚
960 344 1042 394 sed
1070 346 1324 394 retractavit
1361 343 1478 393 libro
1521 360 1599 393 20.
1633 343 1693 409 de

129 425 273 480 civit.
298 445 398 494 cap.
420 446 502 478 20.

203 501 522 554 Communiter
543 510 695 551 tamen
723 518 886 551 omnes
923 497 1103 560 Latini,
1132 498 1195 547 ob
1223 495 1465 562 Scripturae
1489 497 1688 545 auctorit-

133 588 274 632 tatem
307 597 469 630 omnes
507 578 722 628 homines
761 578 819 627 ad
852 585 1049 629 mortem
1095 575 1473 637 condemnantis,
1520 573 1687 624 docent

135 658 290 723 quod,
321 657 398 707 vel
418 660 464 706 in
487 660 586 720 ipso
619 663 768 718 raptu,
814 654 890 704 vel
921 662 1025 713 ante
1058 660 1235 716 raptum
1255 687 1267 711 ,
1311 666 1472 699 omnes
1498 651 1686 700 omnino

133 734 351 785 homines
372 735 636 783 morientur.
660 730 779 783 vide
800 730 937 781 fusius
958 729 1075 794 apud
1098 726 1292 777 Estium.

202 810 298 862 Hic
322 829 429 876 ergo
452 812 702 874 concipitur
723 808 835 858 ordo
865 811 910 857 in
932 808 1262 857 resurrectione
1277 843 1291 867 ,
1314 803 1418 854 licet
1441 805 1488 853 in
1509 805 1691 853 instanti

131 893 228 944 fiat.

204 971 433 1020 Dominus
453 969 692 1019 descendet
711 968 766 1015 de
788 968 920 1024 coela,
944 968 1130 1036 stipatus
1152 963 1319 1027 angelis
1338 965 1445 1023 suis,
1466 964 1543 1027 qui
1563 965 1689 1028 quasi

133 1065 252 1099 voce
288 1051 521 1098 communi
560 1046 936 1106 conclamabunt,
964 1052 1012 1093 ut
1052 1060 1132 1104 se,
1173 1042 1230 1091 ad
1266 1040 1459 1092 Domini
1484 1045 1685 1105 jussum,

132 1134 300 1191 praesto
325 1141 425 1174 esse
446 1131 679 1173 testentur.
1320 1135 1324 1140 ·

200 1200 450 1266 Imperabit
467 1199 695 1251 Dominus
714 1197 980 1262 archangelo
1000 1211 1166 1245 vocem
1189 1193 1295 1244 dare
1311 1231 1324 1256 ‚
1350 1197 1691 1245 resurrectionis
1713 1247 1723 1251 ,

134 1282 312 1345 signum
335 1287 379 1328 et
406 1281 771 1327 instrumentum.

203 1354 381 1407 Vocem
402 1356 524 1406 dabit
541 1354 831 1418 archangelus
848 1388 860 1412 ,
889 1367 1011 1415 quae,
1039 1352 1163 1414 quasi
1187 1352 1292 1399 tuba
1314 1348 1402 1400 Dei
1427 1350 1686 1410 clarissima,

131 1433 302 1496 ubique
324 1433 612 1496 personabit,
640 1438 714 1493 et,
741 1438 787 1479 ut
816 1428 1156 1494 potentissima,
1182 1424 1349 1476 efficiet
1375 1428 1423 1476 id
1453 1426 1575 1491 quod
1607 1427 1688 1489 ju-

130 1513 275 1564 bebit.

199 1586 279 1638 Ad
299 1588 417 1637 hanc
434 1605 599 1637 vocem
619 1591 850 1649 resurgent
875 1599 1033 1632 omnes
1059 1583 1241 1630 mortui.

197 1663 562 1715 Immutabuntur
595 1666 718 1722 vivi,
748 1665 846 1711 sive
871 1660 1002 1727 paulo
1029 1667 1129 1723 post
1168 1659 1332 1708 mortui
1371 1659 1460 1705 sint
1497 1664 1542 1706 et
1577 1665 1686 1708 tunc

129 1749 360 1804 resurgant
375 1777 397 1803 ,f
418 1743 518 1788 sive
538 1743 582 1788 in
602 1741 784 1788 instanti
808 1741 1055 1787 moriantur
1076 1743 1122 1783 et
1149 1737 1196 1782 in
1211 1734 1350 1783 altero
1371 1743 1618 1799 resurgant.

143 1818 146 1819 ⁷
199 1817 382 1870 Omnes
398 1820 565 1869 deinde
581 1822 680 1881 justi
700 1819 830 1867 simul
851 1817 1133 1880 rapienturin
1154 1807 1277 1873 aera,
1297 1815 1483 1863 obviam
1503 1811 1684 1867 Christo

128 1898 344 1959 judicium
371 1899 628 1956 exercenti,
656 1894 863 1958 reprobis
883 1893 939 1941 ad
961 1895 1183 1941 sinistram
1204 1891 1332 1940 humi
1355 1891 1533 1941 relictis.

197 1967 364 2034 Aliqua
389 1970 550 2018 desunt
575 1973 621 2018 in
647 1969 735 2016 hoc
761 1967 920 2017 ordine
946 1984 1042 2015 non
1062 1984 1272 2031 expressa
1289 2005 1301 2028 ,
1332 1966 1414 2015 sed
1437 1966 1540 2016 alibi
1561 1966 1680 2018 dicta

127 2053 153 2098 ὲ
190 2046 253 2098 D.
292 2045 434 2096 Paulo
470 2051 600 2113 epist.
629 2044 771 2111 prisnei
798 2046 855 2095 ad
890 2041 997 2093 Cor.
1037 2061 1133 2108 cap.
1178 2042 1263 2105 15,
1306 2052 1350 2094 et
1387 2047 1412 2092 ὲ
1458 2040 1642 2095 Christo
1661 2051 1695 2108 ‚⁸

127 2123 292 2176 Matth.
315 2125 397 2186 24.

198 2203 262 2250 Et
295 2204 559 2262 sic-semper
591 2217 694 2246 cum
731 2198 935 2246 Domino
967 2197 1136 2245 erimus
1158 2216 1175 2242 .-
1211 2197 1306 2258 ejus
1342 2197 1508 2246 scilicet
1532 2197 1685 2261 gloriae

129 2289 380 2331 consorte&

199 2354 251 2405 Ο.
275 2354 382 2405 felix
421 2355 722 2404 consortium!
757 2350 786 2401 ὂ
817 2355 996 2403 beatam
1019 2354 1318 2402 aeternitatem
1341 2353 1351 2401 l
1377 2368 1558 2417 semper
1577 2348 1681 2404 cum

124 2429 329 2483 Domino
347 2431 526 2479 erimus.

195 2508 259 2560 Ut
281 2508 372 2557 hoc
395 2516 502 2557 tunc
531 2508 715 2557 eveniat,
735 2506 894 2565 nobis,
920 2523 1041 2556 nunc
1059 2506 1321 2556 studeamus
1353 2522 1536 2570 semper
1572 2524 1675 2560 esse

128 2607 231 2640 cum
253 2590 376 2652 i‚ps0‚
403 2594 591 2645 mente,
623 2585 761 2634 corde
778 2621 792 2645 ,
818 2582 1014 2645 affectu2
1050 2584 1253 2637 moribus
1293 2592 1334 2634 et
1360 2582 1476 2642 γίῑὲις
1505 2586 1554 2633 in
1579 2587 1677 2649 ejus

127 2668 334 2715 vivamus
359 2662 521 2728 gratia,
553 2671 602 2712 ut
622 2664 668 2712 in
690 2661 801 2711 illius
822 2659 960 2726 glori&
981 2664 1206 2711 vivamus·

194 2739 262 2802 Y.
289 2758 365 2805 17.
392 2743 558 2805 Itaque
574 2774 587 2798 ,
613 2740 924 2788 consulemini
940 2741 1180 2790 inuicem-4.
1200 2736 1291 2803 His
1315 2752 1427 2805 ergo
1447 2739 1678 2790 deresur-

110 2821 328 2869 =rectione
346 2815 540 2883 gloriosa
558 2814 937 2879 ‚etrdewsernfi
964 2833 1068 2866 cum
1102 2813 1286 2866 Christo
1321 2816 1674 2869 iri-beatitudine

124 2898 441 2963 permansione
466 2896 778 2957 sermonibus,
819 2892 1117 2945 consolemini
1139 2909 1232 2944 vos.
1255 2896 1425 2944 mutuo·
1450 2894 1498 2941 in
1522 2900 1669 2943 morte
